exchange,symbol,price,timestamp,bid,ask,volume
Coinbase,BTC-USD,109967.92,2025-11-01 23:50:03.105328+00:00,109967.91,109967.92,1700.27416296
Binance,BTC-USD,110001.43,2025-11-01 23:50:05.186000+00:00,110001.43,110187.35,2.45912
Coinbase,BTC-USD,109970.86,2025-11-01 23:50:05.292979+00:00,109970.85,109970.88,1700.2743018
Coinbase,BTC-USD,109970.88,2025-11-01 23:50:05.292979+00:00,109970.85,109970.88,1700.27576296
Coinbase,BTC-USD,109970.85,2025-11-01 23:50:05.374554+00:00,109970.85,109970.86,1700.27616704
Coinbase,BTC-USD,109970.85,2025-11-01 23:50:05.637468+00:00,109970.85,109970.86,1700.27621589
Coinbase,BTC-USD,109970.86,2025-11-01 23:50:06.023617+00:00,109970.85,109970.86,1700.27623112
Coinbase,BTC-USD,109970.86,2025-11-01 23:50:06.023617+00:00,109970.85,109970.86,1700.276397
Binance,BTC-USD,110001.43,2025-11-01 23:50:05.433000+00:00,110001.43,110187.32,2.45912
Coinbase,BTC-USD,109970.85,2025-11-01 23:50:06.682315+00:00,109970.85,109970.86,1700.27867092
Binance,BTC-USD,110001.43,2025-11-01 23:50:07.417000+00:00,110001.43,110187.31,2.45912
Coinbase,BTC-USD,109970.85,2025-11-01 23:50:08.093670+00:00,109970.85,109970.86,1700.27875705
Binance,BTC-USD,110001.43,2025-11-01 23:50:08.138000+00:00,110001.43,110187.25,2.45912
Coinbase,BTC-USD,109970.86,2025-11-01 23:50:10.668701+00:00,109970.85,109970.86,1700.27876237
Coinbase,BTC-USD,109970.86,2025-11-01 23:50:10.668701+00:00,109970.85,109972.47,1700.27889382
Coinbase,BTC-USD,109972.47,2025-11-01 23:50:10.668701+00:00,109970.85,109972.47,1700.27941981
Coinbase,BTC-USD,109978.03,2025-11-01 23:50:10.777104+00:00,109978.0,109978.03,1700.27946257
Coinbase,BTC-USD,109978.04,2025-11-01 23:50:10.996129+00:00,109978.03,109978.04,1700.37513249
Coinbase,BTC-USD,109978.04,2025-11-01 23:50:11.013548+00:00,109978.03,109978.04,1700.47442641
Coinbase,BTC-USD,109978.04,2025-11-01 23:50:11.013548+00:00,109978.03,109979.63,1700.47533547
Binance,BTC-USD,110001.43,2025-11-01 23:50:11.022000+00:00,110001.43,110187.25,2.45912
Coinbase,BTC-USD,109979.63,2025-11-01 23:50:11.086428+00:00,109979.62,109979.63,1700.47599823
Coinbase,BTC-USD,109979.63,2025-11-01 23:50:11.383487+00:00,109979.62,109979.63,1700.47652847
Coinbase,BTC-USD,109979.63,2025-11-01 23:50:11.492999+00:00,109979.62,109979.63,1700.4769786
Coinbase,BTC-USD,109979.62,2025-11-01 23:50:11.582191+00:00,109979.62,109979.63,1700.4795557
Coinbase,BTC-USD,109979.63,2025-11-01 23:50:11.686151+00:00,109979.62,109979.63,1700.48088121
Coinbase,BTC-USD,109979.63,2025-11-01 23:50:11.910158+00:00,109979.62,109979.63,1700.48264856
Binance,BTC-USD,110001.43,2025-11-01 23:50:11.638000+00:00,110001.43,110187.21,2.45912
Coinbase,BTC-USD,109979.63,2025-11-01 23:50:12.277322+00:00,109979.62,109979.63,1700.48388924
Coinbase,BTC-USD,109979.63,2025-11-01 23:50:12.277322+00:00,109979.62,109979.63,1700.4847982
Coinbase,BTC-USD,109979.63,2025-11-01 23:50:12.277322+00:00,109979.62,109979.65,1700.48495278
Coinbase,BTC-USD,109979.65,2025-11-01 23:50:12.277322+00:00,109979.62,109979.65,1700.48534935
Coinbase,BTC-USD,109979.65,2025-11-01 23:50:12.468012+00:00,109979.64,109979.65,1700.49719624
Coinbase,BTC-USD,109979.65,2025-11-01 23:50:12.468012+00:00,109979.64,109979.87,1700.4981052
Coinbase,BTC-USD,109979.87,2025-11-01 23:50:12.468012+00:00,109979.64,109981.2,1700.5131052
Coinbase,BTC-USD,109981.2,2025-11-01 23:50:12.473131+00:00,109981.19,109982.95,1700.51328704
Coinbase,BTC-USD,109982.95,2025-11-01 23:50:12.518661+00:00,109982.94,109982.95,1700.51329804
Coinbase,BTC-USD,109982.95,2025-11-01 23:50:12.518661+00:00,109982.94,109984.43,1700.514207
Coinbase,BTC-USD,109984.43,2025-11-01 23:50:12.518661+00:00,109982.94,109984.43,1700.51508751
Coinbase,BTC-USD,109984.43,2025-11-01 23:50:12.865112+00:00,109984.42,109984.43,1700.51597118
Coinbase,BTC-USD,109984.43,2025-11-01 23:50:12.873047+00:00,109984.42,109984.43,1700.51636881
Coinbase,BTC-USD,109984.43,2025-11-01 23:50:13.103715+00:00,109984.42,109984.43,1700.51725248
Coinbase,BTC-USD,109984.43,2025-11-01 23:50:13.148532+00:00,109984.42,109984.43,1700.51768369
Coinbase,BTC-USD,109984.43,2025-11-01 23:50:13.214404+00:00,109984.42,109984.43,1700.51772789
Binance,BTC-USD,110001.43,2025-11-01 23:50:13.280000+00:00,110001.43,110187.2,2.45912
Coinbase,BTC-USD,109984.43,2025-11-01 23:50:13.319991+00:00,109984.42,109984.43,1700.51794881
Coinbase,BTC-USD,109984.43,2025-11-01 23:50:13.391976+00:00,109984.42,109984.43,1700.51800129
Coinbase,BTC-USD,109984.43,2025-11-01 23:50:13.477777+00:00,109984.42,109984.43,1700.51888496
Coinbase,BTC-USD,109984.43,2025-11-01 23:50:13.608443+00:00,109984.42,109984.43,1700.52360196
Coinbase,BTC-USD,109984.43,2025-11-01 23:50:13.700638+00:00,109984.42,109984.43,1700.52382702
Coinbase,BTC-USD,109984.43,2025-11-01 23:50:13.778719+00:00,109984.42,109984.43,1700.52384323
Coinbase,BTC-USD,109984.43,2025-11-01 23:50:14.049231+00:00,109984.42,109984.43,1700.52472689
Coinbase,BTC-USD,109984.43,2025-11-01 23:50:14.094591+00:00,109984.42,109984.43,1700.5251581
Coinbase,BTC-USD,109984.43,2025-11-01 23:50:14.101571+00:00,109984.42,109984.43,1700.52604177
Coinbase,BTC-USD,109984.43,2025-11-01 23:50:14.118911+00:00,109984.42,109984.43,1700.52648361
Coinbase,BTC-USD,109984.43,2025-11-01 23:50:14.179402+00:00,109984.42,109984.43,1700.52650161
Coinbase,BTC-USD,109984.43,2025-11-01 23:50:14.263147+00:00,109984.42,109984.43,1700.52694345
Binance,BTC-USD,110001.43,2025-11-01 23:50:14.140000+00:00,110001.45,110187.13,2.45912
Coinbase,BTC-USD,109984.43,2025-11-01 23:50:14.439418+00:00,109984.42,109984.43,1700.5278059
Coinbase,BTC-USD,109984.43,2025-11-01 23:50:14.598770+00:00,109984.42,109984.43,1700.52789367
Coinbase,BTC-USD,109984.43,2025-11-01 23:50:14.619940+00:00,109984.42,109984.43,1700.52807039
Coinbase,BTC-USD,109984.43,2025-11-01 23:50:14.675816+00:00,109984.42,109984.43,1700.53032098
Coinbase,BTC-USD,109984.43,2025-11-01 23:50:15.129461+00:00,109984.42,109984.43,1700.53036374
Coinbase,BTC-USD,109984.43,2025-11-01 23:50:15.176850+00:00,109984.42,109984.43,1700.53261434
Coinbase,BTC-USD,109984.43,2025-11-01 23:50:15.245126+00:00,109984.42,109984.43,1700.53270058
Coinbase,BTC-USD,109984.43,2025-11-01 23:50:15.709645+00:00,109984.42,109984.43,1700.53273668
Coinbase,BTC-USD,109984.43,2025-11-01 23:50:15.713492+00:00,109984.42,109984.43,1700.53363692
Binance,BTC-USD,110001.43,2025-11-01 23:50:15.757000+00:00,110001.45,110187.13,2.45912
Coinbase,BTC-USD,109984.43,2025-11-01 23:50:15.768872+00:00,109984.42,109984.43,1700.53407876
Coinbase,BTC-USD,109984.43,2025-11-01 23:50:15.787538+00:00,109984.42,109984.43,1700.53434388
Coinbase,BTC-USD,109984.43,2025-11-01 23:50:15.822373+00:00,109984.42,109984.43,1700.53611123
Coinbase,BTC-USD,109984.43,2025-11-01 23:50:15.823637+00:00,109984.42,109984.43,1700.53624375
Coinbase,BTC-USD,109984.43,2025-11-01 23:50:15.955175+00:00,109984.42,109984.43,1700.5362657
Coinbase,BTC-USD,109984.43,2025-11-01 23:50:15.955175+00:00,109984.42,109984.43,1700.53714398
Coinbase,BTC-USD,109984.43,2025-11-01 23:50:16.018823+00:00,109984.42,109984.43,1700.53717466
Coinbase,BTC-USD,109984.43,2025-11-01 23:50:16.018823+00:00,109984.42,109984.43,1700.53718628
Coinbase,BTC-USD,109984.43,2025-11-01 23:50:16.018823+00:00,109984.42,109984.47,1700.53724779
Coinbase,BTC-USD,109984.47,2025-11-01 23:50:16.018823+00:00,109984.42,109987.64,1700.53742963
Coinbase,BTC-USD,109987.64,2025-11-01 23:50:16.018823+00:00,109984.42,109987.64,1700.53846949
Coinbase,BTC-USD,109989.0,2025-11-01 23:50:16.059545+00:00,109988.99,109989.0,1700.53848049
Coinbase,BTC-USD,109989.0,2025-11-01 23:50:16.059545+00:00,109988.99,109989.0,1700.53891961
Coinbase,BTC-USD,109989.0,2025-11-01 23:50:16.163042+00:00,109988.99,109989.0,1700.54024512
Coinbase,BTC-USD,109989.0,2025-11-01 23:50:16.185639+00:00,109988.99,109989.0,1700.54033289
Coinbase,BTC-USD,109989.0,2025-11-01 23:50:16.338422+00:00,109988.99,109989.0,1700.54043642
Coinbase,BTC-USD,109989.0,2025-11-01 23:50:16.340294+00:00,109988.99,109989.0,1700.54096662
Coinbase,BTC-USD,109989.0,2025-11-01 23:50:16.345432+00:00,109988.99,109989.0,1700.54207121
Coinbase,BTC-USD,109989.0,2025-11-01 23:50:16.420092+00:00,109988.99,109989.0,1700.54209822
Coinbase,BTC-USD,109989.0,2025-11-01 23:50:16.446995+00:00,109988.99,109989.0,1700.54254006
Coinbase,BTC-USD,109989.0,2025-11-01 23:50:16.474809+00:00,109988.99,109989.0,1700.54254681
Coinbase,BTC-USD,109989.0,2025-11-01 23:50:16.586565+00:00,109988.99,109989.0,1700.54344705
Coinbase,BTC-USD,109989.0,2025-11-01 23:50:16.587164+00:00,109988.99,109989.0,1700.54393424
Coinbase,BTC-USD,109989.0,2025-11-01 23:50:16.587164+00:00,109988.99,109989.0,1700.54578664
Coinbase,BTC-USD,109989.0,2025-11-01 23:50:16.587164+00:00,109988.99,109989.02,1700.54799381
Coinbase,BTC-USD,109989.02,2025-11-01 23:50:16.587164+00:00,109988.99,109989.02,1700.55244942
Coinbase,BTC-USD,109989.02,2025-11-01 23:50:16.699426+00:00,109989.01,109989.02,1700.55253719
Coinbase,BTC-USD,109989.02,2025-11-01 23:50:16.716018+00:00,109989.01,109989.02,1700.55430454
Binance,BTC-USD,110001.43,2025-11-01 23:50:16.542000+00:00,110001.45,110187.11,2.45912
Coinbase,BTC-USD,109989.25,2025-11-01 23:50:16.877410+00:00,109989.24,109989.25,1700.55452546
Coinbase,BTC-USD,109989.25,2025-11-01 23:50:16.880601+00:00,109989.24,109989.25,1700.55461548
Coinbase,BTC-USD,109989.25,2025-11-01 23:50:17.027002+00:00,109989.24,109989.25,1700.5550656
Coinbase,BTC-USD,109989.25,2025-11-01 23:50:17.146055+00:00,109989.24,109989.25,1700.55561381
Coinbase,BTC-USD,109989.25,2025-11-01 23:50:17.146055+00:00,109989.24,109989.25,1700.55731617
Coinbase,BTC-USD,109989.25,2025-11-01 23:50:17.154182+00:00,109989.24,109989.25,1700.55775801
Coinbase,BTC-USD,109989.25,2025-11-01 23:50:17.387185+00:00,109989.24,109989.25,1700.55784803
Coinbase,BTC-USD,109989.25,2025-11-01 23:50:17.455159+00:00,109989.24,109989.25,1700.56006923
Coinbase,BTC-USD,109989.25,2025-11-01 23:50:17.455159+00:00,109989.24,109989.25,1700.56022763
Coinbase,BTC-USD,109989.25,2025-11-01 23:50:17.455159+00:00,109989.24,109989.25,1700.56049902
Coinbase,BTC-USD,109989.25,2025-11-01 23:50:17.479672+00:00,109989.24,109989.25,1700.56064486
Binance,BTC-USD,110001.43,2025-11-01 23:50:17.143000+00:00,110001.45,110187.09,2.45912
Coinbase,BTC-USD,109989.25,2025-11-01 23:50:17.941460+00:00,109989.24,109989.25,1700.56108669
Bitstamp,BTC-USD,109973.0,2025-11-01 23:50:18+00:00,0.0,0.0,0.00202
Coinbase,BTC-USD,109989.25,2025-11-01 23:50:18.732880+00:00,109989.24,109989.25,1700.56281172
Binance,BTC-USD,110001.43,2025-11-01 23:50:17.843000+00:00,110001.45,110187.07,2.45912
Bitstamp,BTC-USD,109973.0,2025-11-01 23:50:19+00:00,0.0,0.0,0.00014
Coinbase,BTC-USD,109989.25,2025-11-01 23:50:19.127999+00:00,109989.24,109989.25,1700.56283602
Coinbase,BTC-USD,109989.25,2025-11-01 23:50:19.127999+00:00,109989.24,109989.25,1700.56284476
Coinbase,BTC-USD,109989.25,2025-11-01 23:50:19.127999+00:00,109989.24,109989.25,1700.56325356
Binance,BTC-USD,110001.43,2025-11-01 23:50:19.444000+00:00,110001.45,110187.05,2.45912
Bitstamp,BTC-USD,109973.0,2025-11-01 23:50:19+00:00,0.0,0.0,0.00844475
Bitstamp,BTC-USD,109973.0,2025-11-01 23:50:19+00:00,0.0,0.0,0.265842
Coinbase,BTC-USD,109988.34,2025-11-01 23:50:20.125010+00:00,109988.33,109988.34,1700.56327723
Binance,BTC-USD,110001.43,2025-11-01 23:50:20.145000+00:00,110001.45,110187.01,2.45912
Binance,BTC-USD,110001.43,2025-11-01 23:50:21.445000+00:00,110001.45,110186.99,2.45912
Coinbase,BTC-USD,109988.43,2025-11-01 23:50:22.235503+00:00,109988.43,109988.44,1700.56368539
Binance,BTC-USD,110001.43,2025-11-01 23:50:22.525000+00:00,110001.47,110186.97,2.45912
Coinbase,BTC-USD,109988.44,2025-11-01 23:50:23.537040+00:00,109988.43,109988.44,1700.56377811
Coinbase,BTC-USD,109988.44,2025-11-01 23:50:23.789729+00:00,109988.43,109988.44,1700.56404347
Binance,BTC-USD,110001.43,2025-11-01 23:50:23.147000+00:00,110001.47,110186.95,2.45912
Coinbase,BTC-USD,109988.44,2025-11-01 23:50:24.276782+00:00,109988.43,109988.44,1700.57741121
Coinbase,BTC-USD,109988.44,2025-11-01 23:50:24.310666+00:00,109988.43,109988.44,1700.57999855
Coinbase,BTC-USD,109988.44,2025-11-01 23:50:24.400092+00:00,109988.43,109988.44,1700.58015831
Coinbase,BTC-USD,109988.44,2025-11-01 23:50:24.400092+00:00,109988.43,109988.46,1700.58016687
Coinbase,BTC-USD,109988.46,2025-11-01 23:50:24.400092+00:00,109988.43,109988.46,1700.58264913
Bitstamp,BTC-USD,109973.0,2025-11-01 23:50:24+00:00,0.0,0.0,0.00434
Binance,BTC-USD,110001.43,2025-11-01 23:50:24.147000+00:00,110001.47,110186.93,2.45912
Coinbase,BTC-USD,109988.46,2025-11-01 23:50:24.838500+00:00,109988.45,109988.46,1700.58372315
Coinbase,BTC-USD,109984.74,2025-11-01 23:50:24.922704+00:00,109984.74,109984.75,1700.58373042
Binance,BTC-USD,110001.43,2025-11-01 23:50:25.485000+00:00,110001.47,110186.93,2.45912
Coinbase,BTC-USD,109986.49,2025-11-01 23:50:26.685693+00:00,109986.48,109988.54,1700.58391226
Coinbase,BTC-USD,109988.54,2025-11-01 23:50:26.685693+00:00,109986.48,109988.54,1700.58461409
Binance,BTC-USD,110001.43,2025-11-01 23:50:26.150000+00:00,110001.47,110186.91,2.45912
Coinbase,BTC-USD,109988.54,2025-11-01 23:50:27.692716+00:00,109988.53,109988.54,1700.58461884
Binance,BTC-USD,110001.43,2025-11-01 23:50:28.319000+00:00,110001.47,110186.9,2.45912
Bitstamp,BTC-USD,109973.0,2025-11-01 23:50:28+00:00,0.0,0.0,0.00142
Coinbase,BTC-USD,109988.53,2025-11-01 23:50:28.475236+00:00,109988.53,109988.54,1700.58479236
Coinbase,BTC-USD,109988.54,2025-11-01 23:50:28.525209+00:00,109988.53,109988.54,1700.58580136
Coinbase,BTC-USD,109988.54,2025-11-01 23:50:28.848645+00:00,109988.53,109988.54,1700.58599913
Coinbase,BTC-USD,109988.54,2025-11-01 23:50:28.848645+00:00,109988.53,109988.56,1700.58600769
Coinbase,BTC-USD,109988.56,2025-11-01 23:50:28.848645+00:00,109988.53,109988.56,1700.60347194
Binance,BTC-USD,110001.43,2025-11-01 23:50:29.151000+00:00,110001.47,110186.87,2.45912
Coinbase,BTC-USD,109988.64,2025-11-01 23:50:29.863113+00:00,109988.63,109988.64,1700.60383198
Binance,BTC-USD,110001.43,2025-11-01 23:50:29.522000+00:00,110001.49,110186.85,2.45912
Bitstamp,BTC-USD,109973.0,2025-11-01 23:50:31+00:00,0.0,0.0,0.00162
Binance,BTC-USD,110001.43,2025-11-01 23:50:30.952000+00:00,110001.49,110186.81,2.45912
Binance,BTC-USD,110001.43,2025-11-01 23:50:32.153000+00:00,110001.49,110186.79,2.45912
Bitstamp,BTC-USD,109973.0,2025-11-01 23:50:32+00:00,0.0,0.0,0.00022
Coinbase,BTC-USD,109988.39,2025-11-01 23:50:32.988136+00:00,109988.39,109988.4,1700.60563198
Binance,BTC-USD,110001.43,2025-11-01 23:50:32.554000+00:00,110001.49,110186.75,2.45912
Coinbase,BTC-USD,109987.51,2025-11-01 23:50:34.081662+00:00,109987.49,109987.51,1700.60894522
Binance,BTC-USD,110001.43,2025-11-01 23:50:33.654000+00:00,110001.49,110186.73,2.45912
Bitstamp,BTC-USD,109975.0,2025-11-01 23:50:34+00:00,0.0,0.0,0.00328
Coinbase,BTC-USD,109987.52,2025-11-01 23:50:34.764311+00:00,109987.51,109987.52,1700.61007327
Binance,BTC-USD,110001.43,2025-11-01 23:50:35.155000+00:00,110001.49,110186.69,2.45912
Coinbase,BTC-USD,109987.52,2025-11-01 23:50:35.540315+00:00,109987.51,109987.52,1700.61187571
Coinbase,BTC-USD,109987.52,2025-11-01 23:50:36.073115+00:00,109987.51,109987.52,1700.61196243
Binance,BTC-USD,110001.43,2025-11-01 23:50:36.601000+00:00,110001.49,110186.68,2.45912
Coinbase,BTC-USD,109987.52,2025-11-01 23:50:36.845420+00:00,109987.51,109987.52,1700.61627424
Binance,BTC-USD,110001.43,2025-11-01 23:50:37.457000+00:00,110001.49,110186.63,2.45912
Coinbase,BTC-USD,109984.76,2025-11-01 23:50:37.646485+00:00,109984.75,109984.76,1700.61715777
Bitstamp,BTC-USD,109976.0,2025-11-01 23:50:38+00:00,0.0,0.0,0.00514774
Coinbase,BTC-USD,109987.5,2025-11-01 23:50:38.477150+00:00,109987.49,109987.5,1700.61725912
Binance,BTC-USD,110001.43,2025-11-01 23:50:38.158000+00:00,110001.49,110186.61,2.45912
Binance,BTC-USD,110001.43,2025-11-01 23:50:39.558000+00:00,110001.49,110186.59,2.45912
Binance,BTC-USD,110001.43,2025-11-01 23:50:40.459000+00:00,110001.49,110186.57,2.45912
Coinbase,BTC-USD,109987.5,2025-11-01 23:50:40.652699+00:00,109987.49,109987.5,1700.61816813
Coinbase,BTC-USD,109987.5,2025-11-01 23:50:41.208090+00:00,109987.49,109987.5,1700.61821314
Coinbase,BTC-USD,109987.5,2025-11-01 23:50:41.433430+00:00,109987.49,109987.5,1700.61837696
Binance,BTC-USD,110001.43,2025-11-01 23:50:41.491000+00:00,110001.51,110186.53,2.45912
Coinbase,BTC-USD,109987.5,2025-11-01 23:50:41.995990+00:00,109987.49,109987.5,1700.61838686
Binance,BTC-USD,110001.43,2025-11-01 23:50:41.760000+00:00,110001.51,110186.51,2.45912
Coinbase,BTC-USD,109987.49,2025-11-01 23:50:43.017083+00:00,109987.49,109987.5,1700.61911422
Binance,BTC-USD,110001.43,2025-11-01 23:50:42.761000+00:00,110001.51,110186.49,2.45912
Binance,BTC-USD,110001.43,2025-11-01 23:50:44.462000+00:00,110001.51,110186.45,2.45912
Coinbase,BTC-USD,109987.49,2025-11-01 23:50:45.019217+00:00,109987.49,109987.5,1700.62235557
Coinbase,BTC-USD,109987.5,2025-11-01 23:50:45.374001+00:00,109987.49,109987.5,1700.62373533
Binance,BTC-USD,110001.43,2025-11-01 23:50:44.962000+00:00,110001.51,110186.43,2.45912
Coinbase,BTC-USD,109987.52,2025-11-01 23:50:46.167751+00:00,109987.51,109987.52,1700.62386128
Bitstamp,BTC-USD,109976.0,2025-11-01 23:50:46+00:00,0.0,0.0,0.0008
Coinbase,BTC-USD,109987.52,2025-11-01 23:50:46.406986+00:00,109987.51,109987.52,1700.62607013
Binance,BTC-USD,110001.43,2025-11-01 23:50:45.863000+00:00,110001.51,110186.41,2.45912
Coinbase,BTC-USD,109987.52,2025-11-01 23:50:46.665954+00:00,109987.51,109987.52,1700.62677013
Coinbase,BTC-USD,109987.52,2025-11-01 23:50:46.670102+00:00,109987.51,109988.35,1700.62680331
Coinbase,BTC-USD,109988.35,2025-11-01 23:50:46.670102+00:00,109987.51,109988.4,1700.62691762
Coinbase,BTC-USD,109988.4,2025-11-01 23:50:46.670102+00:00,109987.51,109988.4,1700.62723702
Coinbase,BTC-USD,109988.4,2025-11-01 23:50:46.670102+00:00,109987.51,109988.64,1700.62724558
Coinbase,BTC-USD,109988.64,2025-11-01 23:50:46.677854+00:00,109988.63,109988.64,1700.63314558
Coinbase,BTC-USD,109988.64,2025-11-01 23:50:46.684530+00:00,109988.63,109988.64,1700.63454558
Coinbase,BTC-USD,109988.64,2025-11-01 23:50:46.691080+00:00,109988.63,109988.64,1700.63484558
Bitstamp,BTC-USD,109976.0,2025-11-01 23:50:46+00:00,0.0,0.0,0.00047
Binance,BTC-USD,110001.43,2025-11-01 23:50:47.164000+00:00,110001.51,110186.39,2.45912
Coinbase,BTC-USD,109989.17,2025-11-01 23:50:47.959771+00:00,109989.17,109989.18,1700.30047006
Binance,BTC-USD,110001.43,2025-11-01 23:50:48.464000+00:00,110001.51,110186.35,2.45912
Bitstamp,BTC-USD,109976.0,2025-11-01 23:50:49+00:00,0.0,0.0,0.0005
Binance,BTC-USD,110001.43,2025-11-01 23:50:49.113000+00:00,110001.51,110186.35,2.45912
Binance,BTC-USD,110001.43,2025-11-01 23:50:50.167000+00:00,110001.51,110186.31,2.45912
Coinbase,BTC-USD,109989.18,2025-11-01 23:50:50.777698+00:00,109989.17,109989.18,1700.30048718
Coinbase,BTC-USD,109989.18,2025-11-01 23:50:50.777698+00:00,109989.17,109989.2,1700.30054536
Coinbase,BTC-USD,109989.2,2025-11-01 23:50:50.777698+00:00,109989.17,109989.2,1700.30137905
Coinbase,BTC-USD,109989.2,2025-11-01 23:50:51.036107+00:00,109989.19,109989.2,1700.30161569
Coinbase,BTC-USD,109989.2,2025-11-01 23:50:51.127253+00:00,109989.19,109989.2,1700.30162469
Coinbase,BTC-USD,109989.2,2025-11-01 23:50:51.372898+00:00,109989.19,109989.2,1700.30206645
Coinbase,BTC-USD,109989.2,2025-11-01 23:50:51.451357+00:00,109989.19,109989.2,1700.30207536
Coinbase,BTC-USD,109989.2,2025-11-01 23:50:51.468920+00:00,109989.19,109989.2,1700.30295889
Coinbase,BTC-USD,109989.2,2025-11-01 23:50:51.505538+00:00,109989.19,109989.2,1700.30737652
Coinbase,BTC-USD,109989.19,2025-11-01 23:50:51.535725+00:00,109989.19,109989.2,1700.30772594
Binance,BTC-USD,110001.43,2025-11-01 23:50:50.867000+00:00,110001.51,110186.29,2.45912
Coinbase,BTC-USD,109990.17,2025-11-01 23:50:52.478142+00:00,109990.16,109990.17,1700.30814103
Bitstamp,BTC-USD,109976.0,2025-11-01 23:50:52+00:00,0.0,0.0,0.00085
Binance,BTC-USD,110001.43,2025-11-01 23:50:52.367000+00:00,110001.51,110186.25,2.45912
Binance,BTC-USD,110001.43,2025-11-01 23:50:53.524000+00:00,110001.53,110186.21,2.45912
Bitstamp,BTC-USD,109976.0,2025-11-01 23:50:53+00:00,0.0,0.0,4.45e-06
Coinbase,BTC-USD,109990.17,2025-11-01 23:50:54.055181+00:00,109990.16,109990.17,1700.31697643
Coinbase,BTC-USD,109990.17,2025-11-01 23:50:54.517100+00:00,109990.16,109990.17,1700.31713492
Coinbase,BTC-USD,109990.17,2025-11-01 23:50:54.517100+00:00,109990.16,109990.18,1700.31714348
Coinbase,BTC-USD,109990.18,2025-11-01 23:50:54.517100+00:00,109990.16,109990.19,1700.31732531
Coinbase,BTC-USD,109990.19,2025-11-01 23:50:54.517100+00:00,109990.16,109990.19,1700.32042589
Coinbase,BTC-USD,109990.18,2025-11-01 23:50:54.581145+00:00,109990.18,109990.19,1700.32267646
Binance,BTC-USD,110001.43,2025-11-01 23:50:54.469000+00:00,110001.53,110186.19,2.45912
Coinbase,BTC-USD,109990.19,2025-11-01 23:50:54.866494+00:00,109990.18,109990.19,1700.32344785
Coinbase,BTC-USD,109990.19,2025-11-01 23:50:54.939853+00:00,109990.18,109990.19,1700.32433137
Binance,BTC-USD,110001.43,2025-11-01 23:50:54.969000+00:00,110001.53,110186.17,2.45912
Coinbase,BTC-USD,109990.18,2025-11-01 23:50:55.681156+00:00,109990.18,109990.19,1700.32476548
Bitstamp,BTC-USD,109975.0,2025-11-01 23:50:56+00:00,0.0,0.0,5.228e-05
Binance,BTC-USD,110001.43,2025-11-01 23:50:56.370000+00:00,110001.53,110186.13,2.45912
Binance,BTC-USD,110001.43,2025-11-01 23:50:57.433000+00:00,110001.53,110186.13,2.45912
Coinbase,BTC-USD,109990.19,2025-11-01 23:50:57.765060+00:00,109990.18,109990.19,1700.33360075
Coinbase,BTC-USD,109990.19,2025-11-01 23:50:57.775699+00:00,109990.18,109990.19,1700.33360931
Coinbase,BTC-USD,109990.19,2025-11-01 23:50:57.775699+00:00,109990.18,109990.19,1700.33372701
Coinbase,BTC-USD,109990.19,2025-11-01 23:50:57.775699+00:00,109990.18,109990.19,1700.3379126
Coinbase,BTC-USD,109990.19,2025-11-01 23:50:58.189368+00:00,109990.18,109990.19,1700.33792091
Coinbase,BTC-USD,109990.19,2025-11-01 23:50:58.189368+00:00,109990.18,109990.21,1700.33803785
Coinbase,BTC-USD,109990.21,2025-11-01 23:50:58.189368+00:00,109990.18,109990.21,1700.3385594
Binance,BTC-USD,110001.43,2025-11-01 23:50:59.124000+00:00,110001.53,110186.12,2.45912
Coinbase,BTC-USD,109990.27,2025-11-01 23:50:59.183579+00:00,109990.26,109990.27,1700.3385681
Binance,BTC-USD,110001.43,2025-11-01 23:50:59.372000+00:00,110001.53,110186.09,2.45912
Binance,BTC-USD,110001.43,2025-11-01 23:51:00.784000+00:00,110001.53,110186.1,2.45912
Coinbase,BTC-USD,109990.27,2025-11-01 23:51:01.155055+00:00,109990.26,109990.27,1700.34893996
Coinbase,BTC-USD,109990.27,2025-11-01 23:51:01.155055+00:00,109990.26,109991.85,1700.34898644
Coinbase,BTC-USD,109991.85,2025-11-01 23:51:01.811430+00:00,109991.84,109991.85,1700.34989537
Coinbase,BTC-USD,109991.85,2025-11-01 23:51:01.811430+00:00,109991.84,109991.85,1700.35128353
Coinbase,BTC-USD,109991.85,2025-11-01 23:51:01.915418+00:00,109991.84,109991.85,1700.3521925
Binance,BTC-USD,110001.43,2025-11-01 23:51:02.132000+00:00,110001.53,110186.03,2.45912
Bitstamp,BTC-USD,109976.0,2025-11-01 23:51:02+00:00,0.0,0.0,0.1
Coinbase,BTC-USD,109991.85,2025-11-01 23:51:02.190769+00:00,109991.84,109991.85,1700.35304623
Bitstamp,BTC-USD,109977.0,2025-11-01 23:51:02+00:00,0.0,0.0,0.00029
Coinbase,BTC-USD,109991.95,2025-11-01 23:51:02.606082+00:00,109991.94,109991.95,1700.35370861
Coinbase,BTC-USD,109991.95,2025-11-01 23:51:02.779856+00:00,109991.94,109992.05,1700.35461747
Coinbase,BTC-USD,109992.05,2025-11-01 23:51:02.779856+00:00,109991.94,109992.05,1700.35603119
Coinbase,BTC-USD,109992.05,2025-11-01 23:51:02.805959+00:00,109992.04,109992.05,1700.35605819
Coinbase,BTC-USD,109992.05,2025-11-01 23:51:02.849517+00:00,109992.04,109992.05,1700.35616368
Coinbase,BTC-USD,109992.05,2025-11-01 23:51:02.849517+00:00,109992.04,109992.05,1700.35640311
Coinbase,BTC-USD,109994.19,2025-11-01 23:51:03.130680+00:00,109994.18,109994.19,1700.35658492
Coinbase,BTC-USD,109994.19,2025-11-01 23:51:03.130680+00:00,109994.18,109995.05,1700.35659373
Coinbase,BTC-USD,109995.05,2025-11-01 23:51:03.130680+00:00,109994.18,109995.41,1700.35660473
Coinbase,BTC-USD,109995.41,2025-11-01 23:51:03.130680+00:00,109994.18,109995.41,1700.35694573
Coinbase,BTC-USD,109995.41,2025-11-01 23:51:03.130680+00:00,109994.18,109995.41,1700.35728673
Coinbase,BTC-USD,109995.41,2025-11-01 23:51:03.130680+00:00,109994.18,109995.43,1700.35762773
Coinbase,BTC-USD,109995.43,2025-11-01 23:51:03.130680+00:00,109994.18,109995.43,1700.35796873
Coinbase,BTC-USD,109995.43,2025-11-01 23:51:03.130680+00:00,109994.18,109996.92,1700.35830973
Coinbase,BTC-USD,109996.92,2025-11-01 23:51:03.130680+00:00,109994.18,109998.29,1700.35865073
Coinbase,BTC-USD,109998.29,2025-11-01 23:51:03.130680+00:00,109994.18,109998.29,1700.36089469
Binance,BTC-USD,110001.43,2025-11-01 23:51:02.176000+00:00,110001.53,110186.02,2.45912
Coinbase,BTC-USD,109998.29,2025-11-01 23:51:03.465993+00:00,109998.28,109998.31,1700.36126152
Coinbase,BTC-USD,109998.31,2025-11-01 23:51:03.465993+00:00,109998.28,109998.31,1700.37889629
Coinbase,BTC-USD,109998.31,2025-11-01 23:51:03.490862+00:00,109998.3,109998.31,1700.38159124
Binance,BTC-USD,110001.43,2025-11-01 23:51:03.976000+00:00,110001.53,110185.98,2.45912
Coinbase,BTC-USD,109999.62,2025-11-01 23:51:04.795900+00:00,109999.62,109999.64,1700.3839524
Coinbase,BTC-USD,109999.62,2025-11-01 23:51:04.894959+00:00,109999.62,109999.63,1700.38450336
Coinbase,BTC-USD,109999.63,2025-11-01 23:51:04.913018+00:00,109999.62,109999.63,1700.384505
Coinbase,BTC-USD,110000.0,2025-11-01 23:51:05.094524+00:00,109999.99,110000.0,1700.38473002
Binance,BTC-USD,110001.43,2025-11-01 23:51:05.133000+00:00,110001.53,110185.97,2.45912
Coinbase,BTC-USD,109999.99,2025-11-01 23:51:05.815805+00:00,109999.99,110000.0,1700.38477278
Binance,BTC-USD,110001.43,2025-11-01 23:51:05.878000+00:00,110001.54,110185.92,2.45912
Coinbase,BTC-USD,109999.99,2025-11-01 23:51:06.345612+00:00,109998.19,110000.0,1700.38485622
Coinbase,BTC-USD,109998.19,2025-11-01 23:51:06.345612+00:00,109998.18,110000.0,1700.38667443
Coinbase,BTC-USD,109998.18,2025-11-01 23:51:06.345612+00:00,109998.18,110000.0,1700.38903408
Binance,BTC-USD,110001.43,2025-11-01 23:51:06.224000+00:00,110001.54,110185.91,2.45912
Binance,BTC-USD,110001.43,2025-11-01 23:51:08.142000+00:00,110001.54,110185.88,2.45912
Coinbase,BTC-USD,109998.19,2025-11-01 23:51:08.352648+00:00,109998.18,109998.19,1700.38948411
Coinbase,BTC-USD,109998.19,2025-11-01 23:51:08.847154+00:00,109998.18,109998.19,1700.39038418
Coinbase,BTC-USD,109998.19,2025-11-01 23:51:09.085027+00:00,109998.18,109998.19,1700.39259294
Binance,BTC-USD,110001.43,2025-11-01 23:51:08.380000+00:00,110001.55,110185.85,2.45912
Binance,BTC-USD,110001.43,2025-11-01 23:51:10.086000+00:00,110001.56,110185.85,2.45912
Coinbase,BTC-USD,109998.18,2025-11-01 23:51:10.185654+00:00,109998.18,109998.19,1700.39303465
Coinbase,BTC-USD,109998.18,2025-11-01 23:51:10.530484+00:00,109998.18,109998.19,1700.39372871
Binance,BTC-USD,110001.43,2025-11-01 23:51:11.161000+00:00,110001.56,110185.81,2.45912
Binance,BTC-USD,110001.43,2025-11-01 23:51:11.482000+00:00,110001.56,110185.78,2.45912
Coinbase,BTC-USD,109998.18,2025-11-01 23:51:12.316107+00:00,109998.18,109998.19,1700.39822029
Coinbase,BTC-USD,109998.19,2025-11-01 23:51:13.148355+00:00,109998.18,109998.19,1700.39853137
Coinbase,BTC-USD,109998.19,2025-11-01 23:51:13.148355+00:00,109998.18,109998.29,1700.39853993
Coinbase,BTC-USD,109998.29,2025-11-01 23:51:13.148355+00:00,109998.18,109998.29,1700.39910374
Coinbase,BTC-USD,109998.29,2025-11-01 23:51:13.266891+00:00,109998.28,109998.29,1700.39954358
Binance,BTC-USD,110001.43,2025-11-01 23:51:13.383000+00:00,110001.56,110185.8,2.45912
Bitstamp,BTC-USD,109980.0,2025-11-01 23:51:13+00:00,0.0,0.0,0.008932
Coinbase,BTC-USD,109999.99,2025-11-01 23:51:14.013699+00:00,109999.98,109999.99,1700.39966236
Binance,BTC-USD,110001.43,2025-11-01 23:51:14.195000+00:00,110001.56,110185.74,2.45912
Coinbase,BTC-USD,109999.99,2025-11-01 23:51:14.444840+00:00,109999.98,109999.99,1700.40042122
Coinbase,BTC-USD,109999.99,2025-11-01 23:51:14.655083+00:00,109999.98,109999.99,1700.40050897
Coinbase,BTC-USD,109999.99,2025-11-01 23:51:15.026554+00:00,109999.98,109999.99,1700.40140898
Coinbase,BTC-USD,109999.99,2025-11-01 23:51:15.153697+00:00,109999.98,109999.99,1700.40185071
Coinbase,BTC-USD,109999.98,2025-11-01 23:51:15.320574+00:00,109999.98,109999.99,1700.40366892
Binance,BTC-USD,110001.43,2025-11-01 23:51:15.385000+00:00,110001.56,110185.72,2.45912
Coinbase,BTC-USD,109999.98,2025-11-01 23:51:16.290723+00:00,109999.98,109999.99,1700.41302892
Binance,BTC-USD,110001.43,2025-11-01 23:51:16.386000+00:00,110001.56,110185.73,2.45912
Coinbase,BTC-USD,109999.99,2025-11-01 23:51:16.549547+00:00,109999.98,109999.99,1700.41347893
Coinbase,BTC-USD,109999.99,2025-11-01 23:51:16.589293+00:00,109999.98,109999.99,1700.41352168
Coinbase,BTC-USD,109999.98,2025-11-01 23:51:16.695282+00:00,109999.98,109999.99,1700.41370532
Coinbase,BTC-USD,109999.99,2025-11-01 23:51:16.787983+00:00,109999.98,109999.99,1700.41379307
Coinbase,BTC-USD,109999.99,2025-11-01 23:51:16.823829+00:00,109999.98,110000.0,1700.41380163
Coinbase,BTC-USD,110000.0,2025-11-01 23:51:16.823829+00:00,109999.98,110000.0,1700.41388307
Coinbase,BTC-USD,110000.0,2025-11-01 23:51:16.916418+00:00,109999.99,110000.0,1700.41410807
Coinbase,BTC-USD,110000.0,2025-11-01 23:51:16.921340+00:00,109999.99,110000.0,1700.4145498
Coinbase,BTC-USD,110000.0,2025-11-01 23:51:16.925402+00:00,109999.99,110000.0,1700.41499153
Coinbase,BTC-USD,110000.0,2025-11-01 23:51:16.970298+00:00,109999.99,110000.0,1700.4152933
Coinbase,BTC-USD,110000.0,2025-11-01 23:51:17.030734+00:00,109999.99,110000.0,1700.41564665
Coinbase,BTC-USD,110000.0,2025-11-01 23:51:17.059239+00:00,109999.99,110000.0,1700.41573665
Coinbase,BTC-USD,110000.0,2025-11-01 23:51:17.084164+00:00,109999.99,110000.0,1700.4166201
Coinbase,BTC-USD,109999.99,2025-11-01 23:51:17.336757+00:00,109999.98,110000.0,1700.41671101
Coinbase,BTC-USD,109999.98,2025-11-01 23:51:17.336757+00:00,109999.98,110000.0,1700.42878621
Binance,BTC-USD,110001.43,2025-11-01 23:51:17.386000+00:00,110001.57,110185.69,2.45912
Coinbase,BTC-USD,110000.0,2025-11-01 23:51:17.452537+00:00,109999.99,110000.0,1700.42966966
Coinbase,BTC-USD,110000.0,2025-11-01 23:51:17.465612+00:00,109999.99,110000.0,1700.43010077
Coinbase,BTC-USD,110000.0,2025-11-01 23:51:18.068310+00:00,109999.99,110000.0,1700.43038337
Coinbase,BTC-USD,110000.0,2025-11-01 23:51:18.208488+00:00,109999.99,110000.0,1700.43124272
Coinbase,BTC-USD,110000.0,2025-11-01 23:51:18.208488+00:00,109999.99,110000.0,1700.43751902
Coinbase,BTC-USD,110000.0,2025-11-01 23:51:18.269749+00:00,109999.99,110000.0,1700.43752802
Coinbase,BTC-USD,110000.0,2025-11-01 23:51:18.323601+00:00,109999.99,110000.0,1700.43796975
Coinbase,BTC-USD,110000.0,2025-11-01 23:51:18.336893+00:00,109999.99,110000.0,1700.43841148
Coinbase,BTC-USD,110000.0,2025-11-01 23:51:18.337190+00:00,109999.99,110000.0,1700.4384977
Binance,BTC-USD,110001.43,2025-11-01 23:51:18.387000+00:00,110001.58,110185.67,2.45912
Coinbase,BTC-USD,110000.0,2025-11-01 23:51:18.494671+00:00,109999.99,110000.0,1700.43893943
Coinbase,BTC-USD,110000.0,2025-11-01 23:51:18.564633+00:00,109999.99,110000.0,1700.44026461
Coinbase,BTC-USD,110000.0,2025-11-01 23:51:18.572955+00:00,109999.99,110000.0,1700.44035236
Coinbase,BTC-USD,110000.0,2025-11-01 23:51:18.874345+00:00,109999.99,110000.0,1700.44256099
Coinbase,BTC-USD,110000.0,2025-11-01 23:51:18.982150+00:00,109999.99,110000.0,1700.44278185
Coinbase,BTC-USD,110000.0,2025-11-01 23:51:19.042106+00:00,109999.99,110000.0,1700.44293412
Coinbase,BTC-USD,110000.0,2025-11-01 23:51:19.238424+00:00,109999.99,110000.0,1700.44311079
Coinbase,BTC-USD,110000.0,2025-11-01 23:51:19.367342+00:00,109999.99,110000.0,1700.443685
Bitstamp,BTC-USD,109986.0,2025-11-01 23:51:19+00:00,0.0,0.0,0.00018
Bitstamp,BTC-USD,109986.0,2025-11-01 23:51:19+00:00,0.0,0.0,0.00144
Binance,BTC-USD,110001.43,2025-11-01 23:51:19.088000+00:00,110001.58,110185.65,2.45912
Coinbase,BTC-USD,110000.0,2025-11-01 23:51:19.445774+00:00,109999.99,110000.0,1700.44390586
Coinbase,BTC-USD,110000.0,2025-11-01 23:51:19.726042+00:00,109999.99,110000.0,1700.44434759
Coinbase,BTC-USD,110000.0,2025-11-01 23:51:19.728821+00:00,109999.99,110000.0,1700.44443534
Coinbase,BTC-USD,110000.0,2025-11-01 23:51:19.794098+00:00,109999.99,110000.0,1700.44465089
Coinbase,BTC-USD,110000.0,2025-11-01 23:51:19.798030+00:00,109999.99,110000.0,1700.44553434
Coinbase,BTC-USD,110000.0,2025-11-01 23:51:19.798271+00:00,109999.99,110000.0,1700.44607435
Coinbase,BTC-USD,110000.0,2025-11-01 23:51:19.816161+00:00,109999.99,110000.0,1700.44625102
Coinbase,BTC-USD,110000.0,2025-11-01 23:51:19.857765+00:00,109999.99,110000.0,1700.44643102
Coinbase,BTC-USD,110000.0,2025-11-01 23:51:19.885989+00:00,109999.99,110000.0,1700.44687275
Binance,BTC-USD,110001.43,2025-11-01 23:51:20.189000+00:00,110001.58,110185.63,2.45912
Coinbase,BTC-USD,110000.0,2025-11-01 23:51:20.521928+00:00,109999.99,110000.0,1700.4477562
Coinbase,BTC-USD,110000.0,2025-11-01 23:51:20.577338+00:00,109999.99,110000.0,1700.44797175
Coinbase,BTC-USD,110000.0,2025-11-01 23:51:20.651495+00:00,109999.99,110000.0,1700.45022179
Coinbase,BTC-USD,110000.0,2025-11-01 23:51:20.664326+00:00,109999.99,110000.0,1700.45026679
Coinbase,BTC-USD,110000.0,2025-11-01 23:51:20.848192+00:00,109999.99,110000.0,1700.45057133
Coinbase,BTC-USD,110000.0,2025-11-01 23:51:20.980144+00:00,109999.99,110000.0,1700.45061633
Coinbase,BTC-USD,110000.0,2025-11-01 23:51:21.079262+00:00,109999.99,110000.0,1700.45149978
Coinbase,BTC-USD,110000.0,2025-11-01 23:51:21.388398+00:00,109999.99,110000.0,1700.45238323
Binance,BTC-USD,110001.43,2025-11-01 23:51:21.388000+00:00,110001.59,110185.59,2.45912
Coinbase,BTC-USD,110000.0,2025-11-01 23:51:21.530038+00:00,109999.99,110000.0,1700.4525599
Coinbase,BTC-USD,110000.0,2025-11-01 23:51:21.709525+00:00,109999.99,110000.0,1700.45312043
Coinbase,BTC-USD,110000.0,2025-11-01 23:51:21.723620+00:00,109999.99,110000.0,1700.45321709
Coinbase,BTC-USD,110000.0,2025-11-01 23:51:21.995812+00:00,109999.99,110000.0,1700.4536671
Binance,BTC-USD,110001.43,2025-11-01 23:51:22.385000+00:00,110001.6,110185.59,2.45912
Coinbase,BTC-USD,109999.99,2025-11-01 23:51:22.720781+00:00,109999.99,110000.0,1700.45375801
Coinbase,BTC-USD,109999.99,2025-11-01 23:51:22.720781+00:00,109999.98,110000.0,1700.45378116
Coinbase,BTC-USD,109999.98,2025-11-01 23:51:22.720781+00:00,109999.98,110000.0,1700.45957686
Coinbase,BTC-USD,109999.99,2025-11-01 23:51:23.006141+00:00,109999.98,109999.99,1700.45979772
Binance,BTC-USD,110001.43,2025-11-01 23:51:23.403000+00:00,110001.6,110185.55,2.45912
Coinbase,BTC-USD,109999.98,2025-11-01 23:51:23.731100+00:00,109999.39,109999.99,1700.45988863
Coinbase,BTC-USD,109999.39,2025-11-01 23:51:23.731100+00:00,109999.39,109999.99,1700.46023748
Coinbase,BTC-USD,109999.42,2025-11-01 23:51:24.138567+00:00,109999.41,109999.42,1700.47083867
Coinbase,BTC-USD,109999.42,2025-11-01 23:51:24.390294+00:00,109999.41,109999.42,1700.47101111
Binance,BTC-USD,110001.43,2025-11-01 23:51:24.391000+00:00,110001.61,110185.53,2.45912
Coinbase,BTC-USD,109999.42,2025-11-01 23:51:24.458077+00:00,109999.41,109999.42,1700.47189456
Coinbase,BTC-USD,110000.0,2025-11-01 23:51:25.301319+00:00,109999.99,110000.0,1700.47275685
Binance,BTC-USD,110001.43,2025-11-01 23:51:25.606000+00:00,110001.61,110185.52,2.45912
Coinbase,BTC-USD,110000.0,2025-11-01 23:51:25.661786+00:00,109999.99,110000.0,1700.4727623
Binance,BTC-USD,110001.43,2025-11-01 23:51:26.194000+00:00,110001.61,110185.49,2.45912
Binance,BTC-USD,110001.43,2025-11-01 23:51:26.653000+00:00,110001.62,110185.49,2.45912
Bitstamp,BTC-USD,109986.0,2025-11-01 23:51:27+00:00,0.0,0.0,0.00119
Coinbase,BTC-USD,110000.0,2025-11-01 23:51:28.275551+00:00,109999.99,110000.0,1700.4729261
Binance,BTC-USD,110001.43,2025-11-01 23:51:28.394000+00:00,110001.63,110185.46,2.45912
Coinbase,BTC-USD,110000.0,2025-11-01 23:51:28.754781+00:00,109999.99,110000.0,1700.47354449
Binance,BTC-USD,110001.43,2025-11-01 23:51:29.196000+00:00,110001.63,110185.44,2.45912
Coinbase,BTC-USD,110000.0,2025-11-01 23:51:30.216323+00:00,109999.99,110000.0,1700.47397559
Coinbase,BTC-USD,110000.0,2025-11-01 23:51:30.276365+00:00,109999.99,110000.0,1700.47433718
Coinbase,BTC-USD,110000.0,2025-11-01 23:51:30.292894+00:00,109999.99,110000.0,1700.47519947
Coinbase,BTC-USD,110000.0,2025-11-01 23:51:30.546212+00:00,109999.99,110000.0,1700.47563057
Coinbase,BTC-USD,110000.0,2025-11-01 23:51:30.587436+00:00,109999.99,110000.0,1700.47996821
Bitstamp,BTC-USD,109986.0,2025-11-01 23:51:30+00:00,0.0,0.0,0.00253
Coinbase,BTC-USD,110000.0,2025-11-01 23:51:30.791718+00:00,109999.99,110000.0,1700.48001233
Binance,BTC-USD,110001.43,2025-11-01 23:51:30.918000+00:00,110001.64,110185.44,2.45912
Coinbase,BTC-USD,109999.99,2025-11-01 23:51:31.412949+00:00,109999.99,110000.0,1700.48010505
Coinbase,BTC-USD,110000.0,2025-11-01 23:51:31.541816+00:00,109999.99,110000.0,1700.4803206
Binance,BTC-USD,110001.43,2025-11-01 23:51:31.917000+00:00,110001.65,110185.41,2.45912
Coinbase,BTC-USD,110000.0,2025-11-01 23:51:32.251503+00:00,109999.99,110000.0,1700.48208749
Coinbase,BTC-USD,109999.99,2025-11-01 23:51:32.525140+00:00,109999.99,110000.0,1700.48209043
Coinbase,BTC-USD,110000.0,2025-11-01 23:51:32.585140+00:00,109999.99,110000.0,1700.48389046
Binance,BTC-USD,110001.63,2025-11-01 23:51:32.521000+00:00,110000.0,110001.43,2.49667
Coinbase,BTC-USD,110000.0,2025-11-01 23:51:34.337575+00:00,109999.99,110000.0,1700.48392781
Coinbase,BTC-USD,110000.0,2025-11-01 23:51:34.419556+00:00,109999.99,110000.0,1700.48415235
Bitstamp,BTC-USD,109986.0,2025-11-01 23:51:34+00:00,0.0,0.0,0.00893128
Coinbase,BTC-USD,110000.0,2025-11-01 23:51:36.419992+00:00,109999.99,110000.0,1700.48428168
Coinbase,BTC-USD,110000.0,2025-11-01 23:51:36.459870+00:00,109999.99,110000.0,1700.48471278
Coinbase,BTC-USD,110000.0,2025-11-01 23:51:36.714129+00:00,109999.99,110000.0,1700.48514388
Coinbase,BTC-USD,110000.0,2025-11-01 23:51:37.090911+00:00,109999.99,110000.0,1700.48536474
Coinbase,BTC-USD,110000.0,2025-11-01 23:51:38.385240+00:00,109999.99,110000.0,1700.48624818
Coinbase,BTC-USD,109999.99,2025-11-01 23:51:39.841065+00:00,109999.99,110000.0,1700.48629364
Coinbase,BTC-USD,109999.99,2025-11-01 23:51:39.995470+00:00,109999.99,110000.0,1700.75886252
Coinbase,BTC-USD,109999.99,2025-11-01 23:51:39.995470+00:00,109999.99,110000.0,1700.83158135
Coinbase,BTC-USD,109999.99,2025-11-01 23:51:39.995470+00:00,109999.99,110000.0,1700.85989178
Coinbase,BTC-USD,109999.99,2025-11-01 23:51:39.995470+00:00,109999.99,110000.0,1700.89015186
Coinbase,BTC-USD,109999.99,2025-11-01 23:51:39.995470+00:00,109999.99,110000.0,1700.91971825
Coinbase,BTC-USD,109999.99,2025-11-01 23:51:39.995470+00:00,109999.99,110000.0,1700.92926425
Coinbase,BTC-USD,109999.99,2025-11-01 23:51:39.995470+00:00,109999.99,110000.0,1700.92935516
Coinbase,BTC-USD,109999.99,2025-11-01 23:51:39.995470+00:00,109999.99,110000.0,1700.95662789
Coinbase,BTC-USD,109999.99,2025-11-01 23:51:39.995470+00:00,109999.97,110000.0,1700.95665105
Coinbase,BTC-USD,109999.97,2025-11-01 23:51:39.995470+00:00,109999.4,110000.0,1700.97594196
Coinbase,BTC-USD,109999.4,2025-11-01 23:51:39.995470+00:00,109999.0,110000.0,1701.01649937
Coinbase,BTC-USD,109999.0,2025-11-01 23:51:39.995470+00:00,109998.18,110000.0,1701.02559036
Coinbase,BTC-USD,109998.18,2025-11-01 23:51:39.995470+00:00,109998.18,110000.0,1701.02563025
Coinbase,BTC-USD,109998.18,2025-11-01 23:51:39.995470+00:00,109998.18,110000.0,1701.02734481
Coinbase,BTC-USD,109998.18,2025-11-01 23:51:39.995470+00:00,109998.0,110000.0,1701.02743462
Coinbase,BTC-USD,109998.0,2025-11-01 23:51:39.995470+00:00,109996.0,110000.0,1701.05663462
Coinbase,BTC-USD,109996.0,2025-11-01 23:51:39.995470+00:00,109994.51,110000.0,1701.08443462
Coinbase,BTC-USD,109994.51,2025-11-01 23:51:39.995470+00:00,109994.5,110000.0,1701.08625289
Coinbase,BTC-USD,109994.5,2025-11-01 23:51:39.995470+00:00,109994.49,110000.0,1701.26424612
Coinbase,BTC-USD,109994.49,2025-11-01 23:51:39.995470+00:00,109994.18,110000.0,1701.35515975
Coinbase,BTC-USD,109994.18,2025-11-01 23:51:39.995470+00:00,109994.18,110000.0,1701.36258575
Coinbase,BTC-USD,109994.18,2025-11-01 23:51:39.995470+00:00,109994.17,110000.0,1701.36328371
Coinbase,BTC-USD,109994.17,2025-11-01 23:51:39.995470+00:00,109994.17,110000.0,1701.395333
Coinbase,BTC-USD,110000.0,2025-11-01 23:51:41.373652+00:00,109999.99,110000.0,1701.40064246
Coinbase,BTC-USD,109999.99,2025-11-01 23:51:43.199512+00:00,109999.99,110000.0,1701.40073337
Coinbase,BTC-USD,109999.99,2025-11-01 23:51:43.199512+00:00,109999.99,110000.0,1701.40336973
Coinbase,BTC-USD,110000.0,2025-11-01 23:51:43.203345+00:00,109999.99,110000.0,1701.40381145
Coinbase,BTC-USD,110000.0,2025-11-01 23:51:43.234921+00:00,109999.99,110000.0,1701.40424255
Coinbase,BTC-USD,110000.0,2025-11-01 23:51:45.994775+00:00,109999.99,110000.0,1701.42019469
Coinbase,BTC-USD,110000.0,2025-11-01 23:51:46.008758+00:00,109999.99,110000.0,1701.42111728
Coinbase,BTC-USD,109999.99,2025-11-01 23:51:46.575764+00:00,109999.99,110000.0,1701.42153416
Coinbase,BTC-USD,109999.99,2025-11-01 23:51:46.780846+00:00,109999.99,110000.0,1701.42199325
Coinbase,BTC-USD,110000.0,2025-11-01 23:51:46.855858+00:00,109999.99,110000.0,1701.42243498
Coinbase,BTC-USD,110000.0,2025-11-01 23:51:48.051991+00:00,109999.99,110000.0,1701.42310998
Coinbase,BTC-USD,110000.0,2025-11-01 23:51:48.881650+00:00,109999.99,110000.0,1701.42535998
Coinbase,BTC-USD,109999.99,2025-11-01 23:51:50.102413+00:00,109999.99,110000.0,1701.42546698
Coinbase,BTC-USD,109999.99,2025-11-01 23:51:50.305000+00:00,109999.99,110000.0,1701.42730334
Coinbase,BTC-USD,110000.0,2025-11-01 23:51:50.503294+00:00,109999.99,110000.0,1701.44530334
Coinbase,BTC-USD,109999.99,2025-11-01 23:51:51.058357+00:00,109999.99,110000.0,1701.44575734
Coinbase,BTC-USD,110000.0,2025-11-01 23:51:52.690337+00:00,109999.99,110000.0,1701.44661963
Coinbase,BTC-USD,109999.99,2025-11-01 23:51:55.824365+00:00,109999.99,110000.0,1701.45571054
Coinbase,BTC-USD,110000.0,2025-11-01 23:51:56.140451+00:00,109999.99,110000.0,1701.47779645
Coinbase,BTC-USD,109999.99,2025-11-01 23:51:56.257781+00:00,109999.99,110000.0,1701.47847273
Coinbase,BTC-USD,110000.0,2025-11-01 23:51:56.294607+00:00,109999.99,110000.0,1701.47933502
Bitstamp,BTC-USD,109988.0,2025-11-01 23:51:56+00:00,0.0,0.0,0.00198
Coinbase,BTC-USD,110000.0,2025-11-01 23:51:56.471801+00:00,109999.99,110000.0,1701.48375222
Coinbase,BTC-USD,110000.0,2025-11-01 23:51:56.853282+00:00,109999.99,110000.0,1701.48383988
Coinbase,BTC-USD,109999.99,2025-11-01 23:51:57.305095+00:00,109999.99,110000.0,1701.4839317
Coinbase,BTC-USD,110000.0,2025-11-01 23:51:58.007139+00:00,109999.99,110000.0,1701.48393209
Coinbase,BTC-USD,110000.0,2025-11-01 23:51:59.884471+00:00,109999.99,110000.0,1701.48399878
Coinbase,BTC-USD,110000.0,2025-11-01 23:52:00.800158+00:00,109999.99,110000.0,1701.48417563
Coinbase,BTC-USD,110000.0,2025-11-01 23:52:00.934877+00:00,109999.99,110000.0,1701.48419426
Coinbase,BTC-USD,110000.0,2025-11-01 23:52:01.918881+00:00,109999.99,110000.0,1701.48428201
Coinbase,BTC-USD,110000.0,2025-11-01 23:52:02.369258+00:00,109999.99,110000.0,1701.48442527
Bitstamp,BTC-USD,109988.0,2025-11-01 23:52:03+00:00,0.0,0.0,0.0001612
Coinbase,BTC-USD,110000.0,2025-11-01 23:52:03.394643+00:00,109999.99,110000.0,1701.55489896
Coinbase,BTC-USD,110000.0,2025-11-01 23:52:03.418672+00:00,109999.99,110000.0,1701.57272644
Coinbase,BTC-USD,110000.0,2025-11-01 23:52:03.439823+00:00,109999.99,110000.0,1701.57623644
Coinbase,BTC-USD,110000.0,2025-11-01 23:52:03.475398+00:00,109999.99,110000.0,1701.59845215
Coinbase,BTC-USD,110000.0,2025-11-01 23:52:03.675931+00:00,109999.99,110000.0,1701.5994048
Coinbase,BTC-USD,110000.0,2025-11-01 23:52:04.907021+00:00,109999.99,110000.0,1701.59958165
Binance,BTC-USD,110000.0,2025-11-01 23:52:06.503000+00:00,110000.0,110001.43,2.4794
Coinbase,BTC-USD,110000.0,2025-11-01 23:52:06.609925+00:00,109999.99,110000.0,1701.59978856
Coinbase,BTC-USD,110000.0,2025-11-01 23:52:07.104544+00:00,109999.99,110000.0,1701.599961
Coinbase,BTC-USD,109999.99,2025-11-01 23:52:07.330263+00:00,109999.99,110000.0,1701.60041555
Coinbase,BTC-USD,109999.99,2025-11-01 23:52:07.546964+00:00,109999.99,110000.0,1701.6006451
Bitstamp,BTC-USD,109988.0,2025-11-01 23:52:08+00:00,0.0,0.0,0.00085
Coinbase,BTC-USD,109999.99,2025-11-01 23:52:08.357269+00:00,109999.99,110000.0,1701.60103992
Coinbase,BTC-USD,110000.0,2025-11-01 23:52:09.119017+00:00,109999.99,110000.0,1701.61429143
Bitstamp,BTC-USD,109987.0,2025-11-01 23:52:09+00:00,0.0,0.0,0.000318
Coinbase,BTC-USD,110000.0,2025-11-01 23:52:10.326224+00:00,109999.99,110000.0,1701.61475353
Coinbase,BTC-USD,110000.0,2025-11-01 23:52:10.699887+00:00,109999.99,110000.0,1701.6149041
Coinbase,BTC-USD,109999.99,2025-11-01 23:52:10.877457+00:00,109999.99,110000.0,1701.6149121
Coinbase,BTC-USD,110000.0,2025-11-01 23:52:11.466191+00:00,109999.99,110000.0,1701.61508454
Coinbase,BTC-USD,110000.0,2025-11-01 23:52:12.069276+00:00,109999.99,110000.0,1701.61823454
Coinbase,BTC-USD,110000.0,2025-11-01 23:52:12.229228+00:00,109999.99,110000.0,1701.61879506
Coinbase,BTC-USD,110000.0,2025-11-01 23:52:12.614302+00:00,109999.99,110000.0,1701.61885288
Coinbase,BTC-USD,110000.0,2025-11-01 23:52:12.953024+00:00,109999.99,110000.0,1701.61921288
Bitstamp,BTC-USD,109988.0,2025-11-01 23:52:12+00:00,0.0,0.0,0.00786
Coinbase,BTC-USD,109999.99,2025-11-01 23:52:12.987369+00:00,109999.99,110000.0,1701.61921409
Coinbase,BTC-USD,110000.0,2025-11-01 23:52:14.132913+00:00,109999.99,110000.0,1701.61956761
Coinbase,BTC-USD,109999.99,2025-11-01 23:52:14.319846+00:00,109999.99,110000.0,1701.6206305
Coinbase,BTC-USD,110000.0,2025-11-01 23:52:14.695539+00:00,109999.99,110000.0,1701.62067577
Coinbase,BTC-USD,110000.0,2025-11-01 23:52:15.354401+00:00,109999.99,110000.0,1701.62157577
Coinbase,BTC-USD,109999.99,2025-11-01 23:52:15.928401+00:00,109999.99,110000.0,1701.62175166
Coinbase,BTC-USD,110000.0,2025-11-01 23:52:16.227402+00:00,109999.99,110000.0,1701.62219002
Coinbase,BTC-USD,110000.0,2025-11-01 23:52:16.717375+00:00,109999.99,110000.0,1701.80508199
Coinbase,BTC-USD,110000.0,2025-11-01 23:52:16.725469+00:00,109999.99,110000.0,1701.80509099
Coinbase,BTC-USD,110000.0,2025-11-01 23:52:16.913022+00:00,109999.99,110000.0,1701.80869442
Coinbase,BTC-USD,110000.0,2025-11-01 23:52:16.913022+00:00,109999.99,110000.0,1701.8087011
Coinbase,BTC-USD,110000.0,2025-11-01 23:52:16.913022+00:00,109999.99,110000.0,1701.80897125
Coinbase,BTC-USD,110000.0,2025-11-01 23:52:17.756627+00:00,109999.99,110000.0,1701.81053128
Coinbase,BTC-USD,110000.0,2025-11-01 23:52:17.756627+00:00,109999.99,110000.0,1701.81062732
Coinbase,BTC-USD,110000.0,2025-11-01 23:52:17.756627+00:00,109999.99,110000.0,1701.81780565
Coinbase,BTC-USD,110000.0,2025-11-01 23:52:17.928717+00:00,109999.99,110000.0,1701.81824737
Coinbase,BTC-USD,110000.0,2025-11-01 23:52:18.005847+00:00,109999.99,110000.0,1701.81931657
Coinbase,BTC-USD,110000.0,2025-11-01 23:52:18.225961+00:00,109999.99,110000.0,1701.81949324
Coinbase,BTC-USD,110000.0,2025-11-01 23:52:18.849629+00:00,109999.99,110000.0,1701.8197141
Coinbase,BTC-USD,110000.0,2025-11-01 23:52:19.170915+00:00,109999.99,110000.0,1701.82015582
Coinbase,BTC-USD,110000.0,2025-11-01 23:52:19.176471+00:00,109999.99,110000.0,1701.82899022
Coinbase,BTC-USD,110000.0,2025-11-01 23:52:19.215622+00:00,109999.99,110000.0,1701.82932357
Coinbase,BTC-USD,110000.0,2025-11-01 23:52:19.440859+00:00,109999.99,110000.0,1701.84787572
Coinbase,BTC-USD,109999.99,2025-11-01 23:52:19.610589+00:00,109999.99,110000.0,1701.87390846
Coinbase,BTC-USD,109999.99,2025-11-01 23:52:19.610589+00:00,109999.99,110000.0,1701.87399937
Coinbase,BTC-USD,109999.99,2025-11-01 23:52:19.610589+00:00,109999.99,110000.0,1701.87597697
Coinbase,BTC-USD,109999.99,2025-11-01 23:52:19.610589+00:00,109999.99,110000.0,1701.87600018
Coinbase,BTC-USD,109999.99,2025-11-01 23:52:19.610589+00:00,109999.99,110000.0,1701.87653046
Coinbase,BTC-USD,109999.99,2025-11-01 23:52:19.610589+00:00,109999.99,110000.0,1701.87662926
Coinbase,BTC-USD,109999.99,2025-11-01 23:52:19.610589+00:00,109999.99,110000.0,1701.94934375
Coinbase,BTC-USD,109999.99,2025-11-01 23:52:19.610589+00:00,109997.0,110000.0,1701.94979284
Coinbase,BTC-USD,109997.01,2025-11-01 23:52:19.632392+00:00,109997.0,109997.01,1701.95024284
Coinbase,BTC-USD,109997.01,2025-11-01 23:52:20.201610+00:00,109997.0,109997.01,1701.95033059
Coinbase,BTC-USD,109997.01,2025-11-01 23:52:20.311583+00:00,109997.0,109997.01,1701.95041834
Bitstamp,BTC-USD,109988.0,2025-11-01 23:52:20+00:00,0.0,0.0,0.00245
Coinbase,BTC-USD,109997.01,2025-11-01 23:52:20.569630+00:00,109997.0,109997.01,1701.9506392
Coinbase,BTC-USD,109997.01,2025-11-01 23:52:20.579670+00:00,109997.0,109997.01,1701.95086006
Coinbase,BTC-USD,109997.01,2025-11-01 23:52:20.642343+00:00,109997.0,109997.01,1701.9517435
Coinbase,BTC-USD,109997.0,2025-11-01 23:52:20.643667+00:00,109997.0,109997.01,1701.95178895
Coinbase,BTC-USD,109997.01,2025-11-01 23:52:20.890834+00:00,109997.0,109997.01,1701.95192692
Coinbase,BTC-USD,109997.01,2025-11-01 23:52:20.900860+00:00,109997.0,109997.01,1701.95201467
Coinbase,BTC-USD,109997.01,2025-11-01 23:52:21.070596+00:00,109997.0,109997.01,1701.95223553
Coinbase,BTC-USD,109997.01,2025-11-01 23:52:21.078981+00:00,109997.0,109997.01,1701.95311897
Coinbase,BTC-USD,109997.01,2025-11-01 23:52:21.195021+00:00,109997.0,109997.01,1701.95320672
Coinbase,BTC-USD,109997.01,2025-11-01 23:52:21.246958+00:00,109997.0,109997.01,1701.95342227
Coinbase,BTC-USD,109997.01,2025-11-01 23:52:21.498952+00:00,109997.0,109997.01,1701.95360227
Coinbase,BTC-USD,109997.01,2025-11-01 23:52:21.623712+00:00,109997.0,109997.01,1701.95369002
Coinbase,BTC-USD,109997.01,2025-11-01 23:52:21.695113+00:00,109997.0,109997.01,1701.95589862
Coinbase,BTC-USD,109997.01,2025-11-01 23:52:21.852753+00:00,109997.0,109997.01,1701.95598637
Coinbase,BTC-USD,109997.01,2025-11-01 23:52:22.045273+00:00,109997.0,109997.01,1701.95642809
Coinbase,BTC-USD,109997.01,2025-11-01 23:52:22.188923+00:00,109997.0,109997.01,1701.95777809
Coinbase,BTC-USD,109997.01,2025-11-01 23:52:22.209744+00:00,109997.0,109997.01,1701.95821981
Coinbase,BTC-USD,109997.01,2025-11-01 23:52:22.344102+00:00,109997.0,109997.01,1701.95826256
Coinbase,BTC-USD,109997.01,2025-11-01 23:52:22.444305+00:00,109997.0,109997.01,1701.959146
Coinbase,BTC-USD,109997.01,2025-11-01 23:52:22.524713+00:00,109997.0,109997.01,1701.96002944
Coinbase,BTC-USD,109997.01,2025-11-01 23:52:22.546733+00:00,109997.0,109997.01,1701.96011944
Coinbase,BTC-USD,109997.01,2025-11-01 23:52:22.671173+00:00,109997.0,109997.01,1701.96056116
Coinbase,BTC-USD,109997.01,2025-11-01 23:52:22.856839+00:00,109997.0,109997.01,1701.96100288
Coinbase,BTC-USD,109997.01,2025-11-01 23:52:23.005220+00:00,109997.0,109997.01,1701.96276976
Coinbase,BTC-USD,109997.01,2025-11-01 23:52:23.036054+00:00,109997.0,109997.01,1701.9629422
Bitstamp,BTC-USD,109988.0,2025-11-01 23:52:23+00:00,0.0,0.0,4.507e-05
Coinbase,BTC-USD,109997.01,2025-11-01 23:52:23.153945+00:00,109997.0,109997.01,1701.96302995
Coinbase,BTC-USD,109997.01,2025-11-01 23:52:23.284805+00:00,109997.0,109997.01,1701.96315928
Coinbase,BTC-USD,109997.01,2025-11-01 23:52:23.489420+00:00,109997.0,109997.01,1701.963601
Coinbase,BTC-USD,109997.01,2025-11-01 23:52:23.500758+00:00,109997.0,109997.01,1701.963691
Coinbase,BTC-USD,109997.01,2025-11-01 23:52:23.528149+00:00,109997.0,109997.01,1701.96457444
Coinbase,BTC-USD,109997.01,2025-11-01 23:52:23.580269+00:00,109997.0,109997.01,1701.96466219
Coinbase,BTC-USD,109997.01,2025-11-01 23:52:23.610940+00:00,109997.0,109997.01,1701.96488305
Coinbase,BTC-USD,109997.01,2025-11-01 23:52:23.767087+00:00,109997.0,109997.01,1701.96532477
Coinbase,BTC-USD,109997.0,2025-11-01 23:52:23.937452+00:00,109997.0,109997.01,1701.96546495
Coinbase,BTC-USD,109997.01,2025-11-01 23:52:23.962120+00:00,109997.0,109997.01,1701.96636495
Coinbase,BTC-USD,109997.01,2025-11-01 23:52:24.152318+00:00,109997.0,109997.01,1701.96640995
Coinbase,BTC-USD,109997.01,2025-11-01 23:52:24.413725+00:00,109997.0,109997.01,1701.9664977
Coinbase,BTC-USD,109997.01,2025-11-01 23:52:24.479910+00:00,109997.0,109997.01,1701.96671325
Coinbase,BTC-USD,109997.01,2025-11-01 23:52:24.681122+00:00,109997.0,109997.01,1701.96688992
Coinbase,BTC-USD,109997.01,2025-11-01 23:52:24.859922+00:00,109997.0,109997.01,1701.96706659
Coinbase,BTC-USD,109997.01,2025-11-01 23:52:25.630923+00:00,109997.0,109997.01,1701.96728214
Coinbase,BTC-USD,109997.01,2025-11-01 23:52:25.731088+00:00,109997.0,109997.01,1701.96732525
Coinbase,BTC-USD,109997.0,2025-11-01 23:52:25.736291+00:00,109997.0,109997.01,1701.96733528
Coinbase,BTC-USD,109997.01,2025-11-01 23:52:25.769574+00:00,109997.0,109997.01,1701.96734176
Coinbase,BTC-USD,109997.01,2025-11-01 23:52:26.252052+00:00,109997.0,109997.01,1701.9675142
Coinbase,BTC-USD,110000.0,2025-11-01 23:52:27.103684+00:00,109999.99,110000.07,1701.96752246
Coinbase,BTC-USD,110000.07,2025-11-01 23:52:27.103684+00:00,109999.99,110000.07,1701.97193152
Coinbase,BTC-USD,110001.09,2025-11-01 23:52:27.285996+00:00,110001.09,110001.1,1701.97693152
Coinbase,BTC-USD,110001.09,2025-11-01 23:52:27.285996+00:00,110001.09,110001.1,1701.98112738
Coinbase,BTC-USD,110001.09,2025-11-01 23:52:27.285996+00:00,110001.09,110001.1,1701.99920234
Coinbase,BTC-USD,110001.1,2025-11-01 23:52:28.062192+00:00,110001.09,110001.21,1701.99921234
Coinbase,BTC-USD,110001.21,2025-11-01 23:52:28.062192+00:00,110001.09,110001.21,1702.00141094
Coinbase,BTC-USD,110001.21,2025-11-01 23:52:28.085351+00:00,110001.2,110002.33,1702.00158101
Coinbase,BTC-USD,110002.33,2025-11-01 23:52:28.085351+00:00,110001.2,110002.51,1702.00176281
Coinbase,BTC-USD,110002.51,2025-11-01 23:52:28.085351+00:00,110001.2,110002.51,1702.00582826
Coinbase,BTC-USD,110002.51,2025-11-01 23:52:28.836161+00:00,110002.5,110002.52,1702.00584568
Coinbase,BTC-USD,110002.52,2025-11-01 23:52:28.836161+00:00,110002.5,110002.52,1702.00591664
Coinbase,BTC-USD,110003.85,2025-11-01 23:52:29.369125+00:00,110002.66,110003.85,1702.00600439
Coinbase,BTC-USD,110003.85,2025-11-01 23:52:29.562163+00:00,110002.63,110003.85,1702.00614397
Coinbase,BTC-USD,110003.85,2025-11-01 23:52:29.562163+00:00,110002.63,110005.02,1702.00614551
Coinbase,BTC-USD,110005.02,2025-11-01 23:52:29.562163+00:00,110002.63,110005.02,1702.00710869
Coinbase,BTC-USD,110004.99,2025-11-01 23:52:30.057526+00:00,110002.76,110004.99,1702.00741335
Coinbase,BTC-USD,110005.01,2025-11-01 23:52:30.277494+00:00,110005.0,110005.01,1702.00763421
Coinbase,BTC-USD,110005.03,2025-11-01 23:52:30.550278+00:00,110005.02,110005.03,1702.00950148
Coinbase,BTC-USD,110005.03,2025-11-01 23:52:30.840114+00:00,110005.02,110005.03,1702.01011855
Coinbase,BTC-USD,110005.03,2025-11-01 23:52:31.395876+00:00,110005.02,110005.03,1702.01054965
Coinbase,BTC-USD,110005.03,2025-11-01 23:52:31.476754+00:00,110005.02,110005.03,1702.01189965
Coinbase,BTC-USD,110005.03,2025-11-01 23:52:31.840953+00:00,110005.02,110005.03,1702.01251803
Coinbase,BTC-USD,110005.02,2025-11-01 23:52:32.276230+00:00,110005.02,110005.03,1702.01260894
Coinbase,BTC-USD,110005.02,2025-11-01 23:52:32.276230+00:00,110005.02,110005.03,1702.05316721
Coinbase,BTC-USD,110005.02,2025-11-01 23:52:32.276230+00:00,110005.02,110005.03,1702.05321025
Coinbase,BTC-USD,110005.02,2025-11-01 23:52:32.276230+00:00,110005.0,110005.03,1702.07278048
Coinbase,BTC-USD,110005.0,2025-11-01 23:52:32.276230+00:00,110004.0,110005.03,1702.07281575
Coinbase,BTC-USD,110004.0,2025-11-01 23:52:32.276230+00:00,110003.79,110005.03,1702.10341575
Coinbase,BTC-USD,110003.79,2025-11-01 23:52:32.276230+00:00,110003.09,110005.03,1702.12270599
Coinbase,BTC-USD,110003.09,2025-11-01 23:52:32.276230+00:00,110002.0,110005.03,1702.19542242
Coinbase,BTC-USD,110002.0,2025-11-01 23:52:32.276230+00:00,110000.07,110005.03,1702.22602242
Coinbase,BTC-USD,110000.07,2025-11-01 23:52:32.276230+00:00,110000.0,110005.03,1702.31689381
Coinbase,BTC-USD,110000.0,2025-11-01 23:52:32.276230+00:00,109998.36,110005.03,1702.34749381
Coinbase,BTC-USD,109998.36,2025-11-01 23:52:32.276230+00:00,109998.0,110005.03,1702.35658485
Coinbase,BTC-USD,109998.0,2025-11-01 23:52:32.276230+00:00,109997.0,110005.03,1702.38878485
Coinbase,BTC-USD,109997.0,2025-11-01 23:52:32.276230+00:00,109996.0,110005.03,1702.39601419
Coinbase,BTC-USD,109996.0,2025-11-01 23:52:32.276230+00:00,109995.25,110005.03,1702.42821419
Coinbase,BTC-USD,109995.25,2025-11-01 23:52:32.276230+00:00,109994.04,110005.03,1702.45875952
Coinbase,BTC-USD,109994.04,2025-11-01 23:52:32.276230+00:00,109994.0,110005.03,1702.54967352
Coinbase,BTC-USD,109994.0,2025-11-01 23:52:32.276230+00:00,109992.04,110005.03,1702.58187352
Coinbase,BTC-USD,109992.04,2025-11-01 23:52:32.276230+00:00,109992.03,110005.03,1702.58382696
Coinbase,BTC-USD,109992.03,2025-11-01 23:52:32.276230+00:00,109992.01,110005.03,1702.59564024
Coinbase,BTC-USD,109992.01,2025-11-01 23:52:32.276230+00:00,109992.01,110005.03,1702.67615543
Coinbase,BTC-USD,110005.03,2025-11-01 23:52:32.833348+00:00,110005.02,110005.03,1702.67625543
Coinbase,BTC-USD,110005.03,2025-11-01 23:52:32.889360+00:00,110005.02,110005.03,1702.6766706
Bitstamp,BTC-USD,109988.0,2025-11-01 23:52:32+00:00,0.0,0.0,0.00084
Coinbase,BTC-USD,110005.03,2025-11-01 23:52:33.317617+00:00,110005.02,110005.03,1702.67913858
Coinbase,BTC-USD,110005.03,2025-11-01 23:52:34.103420+00:00,110005.02,110005.03,1702.67931525
Coinbase,BTC-USD,110005.02,2025-11-01 23:52:35.247550+00:00,110005.02,110005.03,1702.67931715
Coinbase,BTC-USD,110005.02,2025-11-01 23:52:35.247550+00:00,110005.02,110005.03,1702.6921835
Coinbase,BTC-USD,110005.03,2025-11-01 23:52:35.607156+00:00,110005.02,110005.03,1702.69318034
Coinbase,BTC-USD,110005.03,2025-11-01 23:52:36.082572+00:00,110005.02,110005.03,1702.69489633
Coinbase,BTC-USD,110005.02,2025-11-01 23:52:36.625844+00:00,110005.02,110005.03,1702.69494793
Coinbase,BTC-USD,110005.03,2025-11-01 23:52:37.221666+00:00,110005.02,110005.03,1702.69561051
Coinbase,BTC-USD,110005.03,2025-11-01 23:52:38.304096+00:00,110005.02,110005.03,1702.69575313
Coinbase,BTC-USD,110005.03,2025-11-01 23:52:39.626250+00:00,110005.02,110005.03,1702.70437546
Coinbase,BTC-USD,110005.03,2025-11-01 23:52:40.752887+00:00,110005.02,110005.03,1702.70471177
Coinbase,BTC-USD,110005.03,2025-11-01 23:52:41.778972+00:00,110005.02,110005.03,1702.70557402
Coinbase,BTC-USD,110005.03,2025-11-01 23:52:41.869883+00:00,110005.02,110005.03,1702.70608623
Coinbase,BTC-USD,110005.03,2025-11-01 23:52:42.468362+00:00,110005.02,110005.03,1702.70623734
Coinbase,BTC-USD,110005.02,2025-11-01 23:52:42.625833+00:00,110005.02,110005.03,1702.70853269
Coinbase,BTC-USD,110005.02,2025-11-01 23:52:43.058915+00:00,110005.02,110005.03,1702.71312339
Coinbase,BTC-USD,110005.03,2025-11-01 23:52:43.361523+00:00,110005.02,110005.03,1702.71313208
Coinbase,BTC-USD,110005.03,2025-11-01 23:52:43.361523+00:00,110005.02,110005.03,1702.71334424
Coinbase,BTC-USD,110005.03,2025-11-01 23:52:44.805439+00:00,110005.02,110005.03,1702.71511104
Coinbase,BTC-USD,110005.03,2025-11-01 23:52:45.981533+00:00,110005.02,110005.03,1702.71514005
Coinbase,BTC-USD,110005.03,2025-11-01 23:52:46.056491+00:00,110005.02,110005.03,1702.7181581
Coinbase,BTC-USD,110005.03,2025-11-01 23:52:47.641815+00:00,110005.02,110005.03,1702.71864399
Coinbase,BTC-USD,110005.03,2025-11-01 23:52:48.028845+00:00,110005.02,110005.03,1702.72036849
Coinbase,BTC-USD,110005.03,2025-11-01 23:52:48.573362+00:00,110005.02,110005.03,1702.72036858
Coinbase,BTC-USD,110005.03,2025-11-01 23:52:48.669897+00:00,110005.02,110005.03,1702.72061859
Bitstamp,BTC-USD,109988.0,2025-11-01 23:52:48+00:00,0.0,0.0,0.00051
Coinbase,BTC-USD,110005.03,2025-11-01 23:52:49.662732+00:00,110005.02,110005.03,1702.72091171
Coinbase,BTC-USD,110005.02,2025-11-01 23:52:50.118038+00:00,110005.02,110005.03,1702.72838032
Coinbase,BTC-USD,110005.02,2025-11-01 23:52:50.118038+00:00,110005.02,110005.03,1702.72847123
Coinbase,BTC-USD,110005.02,2025-11-01 23:52:50.118038+00:00,110005.02,110005.03,1702.7284725
Coinbase,BTC-USD,110005.02,2025-11-01 23:52:50.118038+00:00,110002.63,110005.03,1702.72849565
Coinbase,BTC-USD,110002.63,2025-11-01 23:52:50.118038+00:00,110002.51,110005.03,1702.72854628
Coinbase,BTC-USD,110002.51,2025-11-01 23:52:50.118038+00:00,110002.51,110005.03,1702.74251135
Coinbase,BTC-USD,110002.0,2025-11-01 23:52:51.704723+00:00,110001.99,110002.0,1702.7433736
Coinbase,BTC-USD,110001.99,2025-11-01 23:52:51.768768+00:00,110001.99,110002.0,1702.74346451
Coinbase,BTC-USD,110001.99,2025-11-01 23:52:51.768768+00:00,110001.99,110002.0,1702.74346541
Coinbase,BTC-USD,110002.0,2025-11-01 23:52:52.176096+00:00,110001.99,110002.0,1702.74364207
Bitstamp,BTC-USD,109988.0,2025-11-01 23:52:52+00:00,0.0,0.0,0.000578
Bitstamp,BTC-USD,109988.0,2025-11-01 23:52:52+00:00,0.0,0.0,0.009714
Coinbase,BTC-USD,110001.99,2025-11-01 23:52:52.822289+00:00,110001.99,110002.0,1702.7440965
Coinbase,BTC-USD,110001.99,2025-11-01 23:52:53.917451+00:00,110001.99,110002.0,1702.74410335
Coinbase,BTC-USD,110002.0,2025-11-01 23:52:54.450704+00:00,110001.99,110002.0,1702.74431889
Coinbase,BTC-USD,110002.0,2025-11-01 23:52:54.690438+00:00,110001.99,110002.0,1702.74518114
Coinbase,BTC-USD,110001.99,2025-11-01 23:52:55.294991+00:00,110001.99,110002.0,1702.74611749
Coinbase,BTC-USD,110002.52,2025-11-01 23:52:57.359928+00:00,110002.51,110002.52,1702.74688248
Coinbase,BTC-USD,110002.52,2025-11-01 23:52:57.443504+00:00,110002.51,110002.52,1702.74699059
Bitstamp,BTC-USD,109988.0,2025-11-01 23:52:57+00:00,0.0,0.0,0.00013
Bitstamp,BTC-USD,109988.0,2025-11-01 23:52:57+00:00,0.0,0.0,0.00433
Coinbase,BTC-USD,110003.97,2025-11-01 23:52:59.579134+00:00,110003.97,110003.98,1702.7470815
Coinbase,BTC-USD,110003.97,2025-11-01 23:52:59.579134+00:00,110003.97,110003.98,1702.74799021
Coinbase,BTC-USD,110003.98,2025-11-01 23:53:00.740182+00:00,110003.97,110003.98,1702.74816688
Coinbase,BTC-USD,110003.98,2025-11-01 23:53:01.552462+00:00,110003.97,110003.98,1702.75316688
Coinbase,BTC-USD,110003.98,2025-11-01 23:53:01.552462+00:00,110003.97,110003.98,1702.75516688
Coinbase,BTC-USD,110003.98,2025-11-01 23:53:02.204776+00:00,110003.97,110003.98,1702.76598342
Coinbase,BTC-USD,110003.98,2025-11-01 23:53:02.204776+00:00,110003.97,110003.98,1702.77283518
Bitstamp,BTC-USD,109987.0,2025-11-01 23:53:03+00:00,0.0,0.0,0.029682
Bitstamp,BTC-USD,109987.0,2025-11-01 23:53:03+00:00,0.0,0.0,0.01534825
Coinbase,BTC-USD,110003.97,2025-11-01 23:53:03.709516+00:00,110003.97,110003.98,1702.77292972
Bitstamp,BTC-USD,109988.0,2025-11-01 23:53:04+00:00,0.0,0.0,0.00070319
Coinbase,BTC-USD,110003.98,2025-11-01 23:53:04.613543+00:00,110003.97,110003.98,1702.77556132
Coinbase,BTC-USD,110003.98,2025-11-01 23:53:05.063579+00:00,110003.97,110003.98,1702.77736129
Bitstamp,BTC-USD,109988.0,2025-11-01 23:53:06+00:00,0.0,0.0,0.0018
Coinbase,BTC-USD,110005.03,2025-11-01 23:53:06.679211+00:00,110005.02,110005.13,1702.77737687
Coinbase,BTC-USD,110005.13,2025-11-01 23:53:06.679211+00:00,110005.02,110005.13,1702.77740548
Coinbase,BTC-USD,110005.14,2025-11-01 23:53:06.723618+00:00,110005.13,110005.14,1702.77762219
Coinbase,BTC-USD,110005.14,2025-11-01 23:53:07.687017+00:00,110005.13,110005.14,1702.77824034
Bitstamp,BTC-USD,109988.0,2025-11-01 23:53:09+00:00,0.0,0.0,0.25230714
Coinbase,BTC-USD,110005.13,2025-11-01 23:53:09.741201+00:00,110005.13,110005.14,1702.77851433
Coinbase,BTC-USD,110005.13,2025-11-01 23:53:11.625566+00:00,110005.13,110005.14,1702.78126878
Coinbase,BTC-USD,110005.13,2025-11-01 23:53:14.903263+00:00,110005.13,110005.14,1702.7814373
Coinbase,BTC-USD,110005.14,2025-11-01 23:53:15.077614+00:00,110005.13,110005.14,1702.78359288
Coinbase,BTC-USD,110005.14,2025-11-01 23:53:15.108909+00:00,110005.13,110005.14,1702.78413285
Coinbase,BTC-USD,110005.14,2025-11-01 23:53:17.190939+00:00,110005.13,110005.14,1702.78431408
Coinbase,BTC-USD,110005.13,2025-11-01 23:53:18.526079+00:00,110005.13,110005.14,1702.78611712
Coinbase,BTC-USD,110005.13,2025-11-01 23:53:18.526079+00:00,110005.13,110005.14,1702.78663269
Bitstamp,BTC-USD,109988.0,2025-11-01 23:53:18+00:00,0.0,0.0,0.00215
Coinbase,BTC-USD,110005.14,2025-11-01 23:53:18.910493+00:00,110005.13,110005.14,1702.78926542
Bitstamp,BTC-USD,109988.0,2025-11-01 23:53:19+00:00,0.0,0.0,0.00031
Bitstamp,BTC-USD,109988.0,2025-11-01 23:53:20+00:00,0.0,0.0,1.999e-05
Coinbase,BTC-USD,110005.14,2025-11-01 23:53:21.063349+00:00,110005.13,110005.14,1702.78930817
Coinbase,BTC-USD,110005.14,2025-11-01 23:53:21.199299+00:00,110005.13,110005.14,1702.79021803
Coinbase,BTC-USD,110005.13,2025-11-01 23:53:21.253006+00:00,110005.13,110005.14,1702.79026348
Coinbase,BTC-USD,110005.13,2025-11-01 23:53:21.727506+00:00,110005.13,110005.14,1702.79039046
Coinbase,BTC-USD,110005.14,2025-11-01 23:53:22.147112+00:00,110005.13,110005.14,1702.79489025
Coinbase,BTC-USD,110005.14,2025-11-01 23:53:22.417852+00:00,110005.13,110006.81,1702.79493304
Coinbase,BTC-USD,110006.81,2025-11-01 23:53:22.417852+00:00,110005.13,110006.81,1702.79506691
Coinbase,BTC-USD,110006.83,2025-11-01 23:53:22.586423+00:00,110006.82,110006.83,1702.79595031
Coinbase,BTC-USD,110006.83,2025-11-01 23:53:22.593425+00:00,110006.82,110006.83,1702.79639201
Coinbase,BTC-USD,110006.83,2025-11-01 23:53:22.889344+00:00,110006.82,110006.83,1702.79656444
Coinbase,BTC-USD,110006.83,2025-11-01 23:53:22.961066+00:00,110006.82,110006.83,1702.79687251
Coinbase,BTC-USD,110006.83,2025-11-01 23:53:23.026910+00:00,110006.82,110006.83,1702.79709336
Coinbase,BTC-USD,110006.83,2025-11-01 23:53:23.285765+00:00,110006.82,110006.83,1702.79753506
Coinbase,BTC-USD,110006.83,2025-11-01 23:53:23.659466+00:00,110006.82,110006.83,1702.79974356
Coinbase,BTC-USD,110006.82,2025-11-01 23:53:23.686590+00:00,110006.82,110006.83,1702.79981628
Coinbase,BTC-USD,110006.83,2025-11-01 23:53:24.021251+00:00,110006.82,110006.83,1702.80004127
Coinbase,BTC-USD,110006.83,2025-11-01 23:53:24.142184+00:00,110006.82,110006.83,1702.80048297
Coinbase,BTC-USD,110006.83,2025-11-01 23:53:24.185927+00:00,110006.82,110006.83,1702.80087094
Coinbase,BTC-USD,110006.83,2025-11-01 23:53:24.362982+00:00,110006.82,110006.83,1702.80091594
Coinbase,BTC-USD,110006.83,2025-11-01 23:53:24.605187+00:00,110006.82,110006.83,1702.80177819
Coinbase,BTC-USD,110006.83,2025-11-01 23:53:24.918344+00:00,110006.82,110006.83,1702.80182094
Coinbase,BTC-USD,110006.83,2025-11-01 23:53:24.971621+00:00,110006.82,110006.83,1702.80190716
Coinbase,BTC-USD,110006.83,2025-11-01 23:53:25.024628+00:00,110006.82,110006.83,1702.80233824
Coinbase,BTC-USD,110006.83,2025-11-01 23:53:25.216605+00:00,110006.82,110006.83,1702.80246756
Coinbase,BTC-USD,110006.83,2025-11-01 23:53:25.430302+00:00,110006.82,110006.83,1702.80255531
Coinbase,BTC-USD,110006.83,2025-11-01 23:53:25.536515+00:00,110006.82,110006.83,1702.80259806
Coinbase,BTC-USD,110006.83,2025-11-01 23:53:25.562480+00:00,110006.82,110006.83,1702.8027705
Coinbase,BTC-USD,110006.83,2025-11-01 23:53:25.586155+00:00,110006.82,110006.83,1702.80307082
Coinbase,BTC-USD,110006.83,2025-11-01 23:53:25.675589+00:00,110006.82,110006.83,1702.80324325
Coinbase,BTC-USD,110006.83,2025-11-01 23:53:25.690495+00:00,110006.82,110006.83,1702.80501005
Coinbase,BTC-USD,110006.83,2025-11-01 23:53:25.874294+00:00,110006.82,110006.84,1702.80504429
Coinbase,BTC-USD,110006.84,2025-11-01 23:53:25.874294+00:00,110006.82,110006.84,1702.8050528
Coinbase,BTC-USD,110006.84,2025-11-01 23:53:25.930547+00:00,110006.83,110006.84,1702.80532255
Coinbase,BTC-USD,110006.84,2025-11-01 23:53:25.930547+00:00,110006.83,110006.84,1702.80566352
Coinbase,BTC-USD,110006.84,2025-11-01 23:53:25.930547+00:00,110006.83,110006.93,1702.80600449
Coinbase,BTC-USD,110006.93,2025-11-01 23:53:25.930547+00:00,110006.83,110006.93,1702.80685272
Coinbase,BTC-USD,110006.93,2025-11-01 23:53:26.017412+00:00,110006.92,110006.93,1702.80773612
Coinbase,BTC-USD,110006.93,2025-11-01 23:53:26.075250+00:00,110006.92,110006.94,1702.80774115
Coinbase,BTC-USD,110006.94,2025-11-01 23:53:26.075250+00:00,110006.92,110006.94,1702.80791278
Coinbase,BTC-USD,110006.94,2025-11-01 23:53:26.135335+00:00,110006.93,110006.94,1702.80835448
Coinbase,BTC-USD,110006.94,2025-11-01 23:53:26.187949+00:00,110006.93,110006.94,1702.81277147
Coinbase,BTC-USD,110006.94,2025-11-01 23:53:26.323526+00:00,110006.93,110006.94,1702.81299232
Coinbase,BTC-USD,110006.94,2025-11-01 23:53:26.473358+00:00,110006.93,110006.94,1702.81387572
Coinbase,BTC-USD,110006.93,2025-11-01 23:53:26.522900+00:00,110006.93,110006.94,1702.81440281
Coinbase,BTC-USD,110006.94,2025-11-01 23:53:26.545374+00:00,110006.93,110006.94,1702.81484451
Coinbase,BTC-USD,110006.94,2025-11-01 23:53:26.624927+00:00,110006.93,110006.94,1702.81705301
Coinbase,BTC-USD,110006.94,2025-11-01 23:53:26.652996+00:00,110006.93,110006.94,1702.817188
Coinbase,BTC-USD,110006.94,2025-11-01 23:53:26.698723+00:00,110006.93,110006.94,1702.8176297
Coinbase,BTC-USD,110006.95,2025-11-01 23:53:26.782223+00:00,110006.94,110006.95,1702.81771592
Coinbase,BTC-USD,110006.95,2025-11-01 23:53:26.791893+00:00,110006.94,110006.95,1702.81861588
Coinbase,BTC-USD,110006.95,2025-11-01 23:53:26.801317+00:00,110006.94,110006.95,1702.81949928
Coinbase,BTC-USD,110006.95,2025-11-01 23:53:26.835702+00:00,110006.94,110006.95,1702.82010288
Coinbase,BTC-USD,110006.95,2025-11-01 23:53:26.878673+00:00,110006.94,110006.95,1702.82054458
Coinbase,BTC-USD,110006.95,2025-11-01 23:53:26.899529+00:00,110006.94,110006.95,1702.82140683
Coinbase,BTC-USD,110006.95,2025-11-01 23:53:27.073237+00:00,110006.94,110006.95,1702.82590662
Coinbase,BTC-USD,110006.95,2025-11-01 23:53:27.450023+00:00,110006.94,110006.95,1702.82608328
Coinbase,BTC-USD,110007.05,2025-11-01 23:53:27.530062+00:00,110007.04,110007.05,1702.82653326
Coinbase,BTC-USD,110007.05,2025-11-01 23:53:27.591167+00:00,110007.04,110007.05,1702.82818998
Coinbase,BTC-USD,110007.05,2025-11-01 23:53:27.631372+00:00,110007.04,110007.05,1702.82840552
Coinbase,BTC-USD,110007.05,2025-11-01 23:53:27.655753+00:00,110007.04,110007.05,1702.84055914
Coinbase,BTC-USD,110007.15,2025-11-01 23:53:27.897045+00:00,110007.14,110007.16,1702.84056914
Coinbase,BTC-USD,110007.16,2025-11-01 23:53:27.897045+00:00,110007.14,110007.16,1702.84073157
Coinbase,BTC-USD,110007.16,2025-11-01 23:53:27.925184+00:00,110007.15,110007.16,1702.84294007
Coinbase,BTC-USD,110007.15,2025-11-01 23:53:28.117705+00:00,110007.15,110007.16,1702.84372563
Coinbase,BTC-USD,110007.16,2025-11-01 23:53:28.200923+00:00,110007.15,110007.16,1702.84416733
Coinbase,BTC-USD,110007.16,2025-11-01 23:53:28.215773+00:00,110007.15,110007.16,1702.84460903
Coinbase,BTC-USD,110007.16,2025-11-01 23:53:28.232302+00:00,110007.15,110007.16,1702.84482988
Coinbase,BTC-USD,110007.16,2025-11-01 23:53:28.408052+00:00,110007.15,110007.16,1702.84483852
Coinbase,BTC-USD,110007.16,2025-11-01 23:53:28.545615+00:00,110007.15,110007.16,1702.84583852
Coinbase,BTC-USD,110007.16,2025-11-01 23:53:28.729373+00:00,110007.15,110007.16,1702.85823852
Coinbase,BTC-USD,110007.16,2025-11-01 23:53:28.737576+00:00,110007.15,110007.16,1702.86133852
Coinbase,BTC-USD,110007.16,2025-11-01 23:53:28.741358+00:00,110007.15,110007.16,1702.86283852
Coinbase,BTC-USD,110007.16,2025-11-01 23:53:28.748201+00:00,110007.15,110007.16,1702.86323852
Coinbase,BTC-USD,110007.16,2025-11-01 23:53:28.751745+00:00,110007.15,110007.16,1702.86343852
Coinbase,BTC-USD,110007.98,2025-11-01 23:53:28.836722+00:00,110007.97,110007.99,1702.86352943
Coinbase,BTC-USD,110007.99,2025-11-01 23:53:28.836722+00:00,110007.97,110007.99,1702.86357351
Coinbase,BTC-USD,110008.08,2025-11-01 23:53:28.988323+00:00,110008.07,110008.09,1702.86366442
Coinbase,BTC-USD,110008.09,2025-11-01 23:53:28.988323+00:00,110008.07,110008.09,1702.86402349
Coinbase,BTC-USD,110008.09,2025-11-01 23:53:29.397261+00:00,110008.08,110008.09,1702.86530686
Coinbase,BTC-USD,110008.09,2025-11-01 23:53:29.616067+00:00,110008.08,110008.09,1702.86574856
Coinbase,BTC-USD,110008.09,2025-11-01 23:53:30.013069+00:00,110008.08,110008.09,1702.86592963
Coinbase,BTC-USD,110008.09,2025-11-01 23:53:30.164705+00:00,110008.08,110008.09,1702.86594763
Coinbase,BTC-USD,110008.09,2025-11-01 23:53:30.493076+00:00,110008.08,110008.09,1702.86815613
Coinbase,BTC-USD,110008.09,2025-11-01 23:53:30.791948+00:00,110008.08,110008.86,1702.86820059
Coinbase,BTC-USD,110008.86,2025-11-01 23:53:30.791948+00:00,110008.08,110008.86,1702.87080633
Coinbase,BTC-USD,110008.12,2025-11-01 23:53:31.213800+00:00,110008.11,110008.86,1702.87085305
Coinbase,BTC-USD,110008.86,2025-11-01 23:53:31.213800+00:00,110008.11,110008.86,1702.87132371
Bitstamp,BTC-USD,109988.0,2025-11-01 23:53:31+00:00,0.0,0.0,0.00010897
Coinbase,BTC-USD,110008.12,2025-11-01 23:53:31.598649+00:00,110008.11,110008.86,1702.87139276
Coinbase,BTC-USD,110008.86,2025-11-01 23:53:31.598649+00:00,110008.11,110008.86,1702.87149224
Coinbase,BTC-USD,110008.13,2025-11-01 23:53:31.894678+00:00,110008.12,110008.86,1702.8715561
Coinbase,BTC-USD,110008.86,2025-11-01 23:53:31.894678+00:00,110008.12,110008.86,1702.88959921
Coinbase,BTC-USD,110008.13,2025-11-01 23:53:33.213640+00:00,110008.12,110008.13,1702.88962586
Coinbase,BTC-USD,110008.13,2025-11-01 23:53:33.213640+00:00,110008.12,110008.67,1702.88963795
Coinbase,BTC-USD,110008.67,2025-11-01 23:53:33.213640+00:00,110008.12,110008.67,1702.89004091
Coinbase,BTC-USD,110008.13,2025-11-01 23:53:33.886931+00:00,110008.13,110008.14,1702.89913114
Coinbase,BTC-USD,110008.87,2025-11-01 23:53:34.489542+00:00,110008.86,110008.87,1702.89948212
Coinbase,BTC-USD,110008.13,2025-11-01 23:53:34.700870+00:00,110008.12,110008.86,1702.89951687
Coinbase,BTC-USD,110008.86,2025-11-01 23:53:34.700870+00:00,110008.12,110008.86,1702.89956987
Coinbase,BTC-USD,110008.12,2025-11-01 23:53:37.412438+00:00,110008.11,110008.85,1702.89960688
Coinbase,BTC-USD,110008.85,2025-11-01 23:53:37.412438+00:00,110008.11,110008.86,1702.90233393
Coinbase,BTC-USD,110008.86,2025-11-01 23:53:37.412438+00:00,110008.11,110008.86,1702.90619514
Coinbase,BTC-USD,110008.87,2025-11-01 23:53:38.639462+00:00,110008.86,110008.87,1702.9067252
Bitstamp,BTC-USD,109988.0,2025-11-01 23:53:38+00:00,0.0,0.0,0.00088
Coinbase,BTC-USD,110008.86,2025-11-01 23:53:40.867440+00:00,110008.86,110008.87,1702.9067907
Coinbase,BTC-USD,110008.86,2025-11-01 23:53:40.867440+00:00,110008.86,110008.87,1702.93143416
Coinbase,BTC-USD,110008.86,2025-11-01 23:53:40.867440+00:00,110008.86,110008.87,1702.97024106
Coinbase,BTC-USD,110008.86,2025-11-01 23:53:40.867440+00:00,110008.86,110008.87,1702.98017444
Bitstamp,BTC-USD,109988.0,2025-11-01 23:53:43+00:00,0.0,0.0,0.1
Coinbase,BTC-USD,110008.87,2025-11-01 23:53:43.116437+00:00,110008.86,110008.87,1702.9810744
Bitstamp,BTC-USD,109988.0,2025-11-01 23:53:43+00:00,0.0,0.0,0.34866962
Bitstamp,BTC-USD,109988.0,2025-11-01 23:53:43+00:00,0.0,0.0,0.1
Bitstamp,BTC-USD,109988.0,2025-11-01 23:53:43+00:00,0.0,0.0,0.1
Bitstamp,BTC-USD,109988.0,2025-11-01 23:53:43+00:00,0.0,0.0,0.1
Bitstamp,BTC-USD,109988.0,2025-11-01 23:53:43+00:00,0.0,0.0,0.1
Bitstamp,BTC-USD,109988.0,2025-11-01 23:53:43+00:00,0.0,0.0,0.1
Bitstamp,BTC-USD,109988.0,2025-11-01 23:53:43+00:00,0.0,0.0,0.09551551
Bitstamp,BTC-USD,109988.0,2025-11-01 23:53:44+00:00,0.0,0.0,0.0236922
Coinbase,BTC-USD,110008.87,2025-11-01 23:53:47.493500+00:00,110008.86,110008.87,1703.01675202
Coinbase,BTC-USD,110008.86,2025-11-01 23:53:49.219030+00:00,110008.86,110008.87,1703.01899682
Coinbase,BTC-USD,110008.87,2025-11-01 23:53:49.341101+00:00,110008.86,110008.87,1703.02093679
Coinbase,BTC-USD,110008.87,2025-11-01 23:53:50.917091+00:00,110008.86,110008.89,1703.02094535
Coinbase,BTC-USD,110008.89,2025-11-01 23:53:50.917091+00:00,110008.86,110008.89,1703.02094853
Coinbase,BTC-USD,110008.89,2025-11-01 23:53:50.917091+00:00,110008.86,110008.89,1703.02095479
Coinbase,BTC-USD,110008.89,2025-11-01 23:53:52.056505+00:00,110008.88,110008.89,1703.02098179
Coinbase,BTC-USD,110008.89,2025-11-01 23:53:52.294670+00:00,110008.88,110008.89,1703.02104853
Coinbase,BTC-USD,110008.89,2025-11-01 23:53:52.294670+00:00,110008.88,110008.98,1703.02106565
Coinbase,BTC-USD,110008.98,2025-11-01 23:53:52.294670+00:00,110008.88,110008.98,1703.02115422
Coinbase,BTC-USD,110008.98,2025-11-01 23:53:52.424695+00:00,110008.97,110008.98,1703.0223909
Coinbase,BTC-USD,110008.98,2025-11-01 23:53:52.428083+00:00,110008.97,110008.98,1703.02239768
Coinbase,BTC-USD,110008.98,2025-11-01 23:53:52.502264+00:00,110008.97,110008.98,1703.02328105
Coinbase,BTC-USD,110008.97,2025-11-01 23:53:52.648864+00:00,110008.97,110008.98,1703.02337195
Coinbase,BTC-USD,110008.97,2025-11-01 23:53:53.425293+00:00,110008.97,110008.98,1703.0234194
Coinbase,BTC-USD,110008.98,2025-11-01 23:53:54.860118+00:00,110008.97,110008.98,1703.0236091
Bitstamp,BTC-USD,109988.0,2025-11-01 23:53:55+00:00,0.0,0.0,0.0063
Coinbase,BTC-USD,110008.97,2025-11-01 23:53:55.125420+00:00,110008.97,110008.98,1703.02406815
Coinbase,BTC-USD,110008.98,2025-11-01 23:53:56.041748+00:00,110008.97,110008.98,1703.02412233
Coinbase,BTC-USD,110008.97,2025-11-01 23:53:56.985458+00:00,110008.97,110008.98,1703.02425868
Coinbase,BTC-USD,110008.97,2025-11-01 23:53:57.307517+00:00,110008.97,110008.98,1703.02438203
Coinbase,BTC-USD,110008.98,2025-11-01 23:53:57.997073+00:00,110008.97,110008.98,1703.0269524
Coinbase,BTC-USD,110008.98,2025-11-01 23:53:58.390502+00:00,110008.97,110008.98,1703.02695985
Coinbase,BTC-USD,110008.98,2025-11-01 23:53:58.390502+00:00,110008.97,110008.98,1703.02757074
Coinbase,BTC-USD,110008.98,2025-11-01 23:53:58.976316+00:00,110008.97,110008.98,1703.03188175
Coinbase,BTC-USD,110008.98,2025-11-01 23:53:59.519907+00:00,110008.97,110008.98,1703.03195654
Coinbase,BTC-USD,110008.98,2025-11-01 23:54:00.606365+00:00,110008.97,110008.98,1703.03292828
Coinbase,BTC-USD,110008.98,2025-11-01 23:54:01.235848+00:00,110008.97,110008.98,1703.03307002
Coinbase,BTC-USD,110008.98,2025-11-01 23:54:01.235848+00:00,110008.97,110009.09,1703.03307969
Coinbase,BTC-USD,110009.09,2025-11-01 23:54:01.235848+00:00,110008.97,110009.09,1703.03723929
Coinbase,BTC-USD,110010.24,2025-11-01 23:54:04.489743+00:00,110010.23,110010.24,1703.03754104
Coinbase,BTC-USD,110010.24,2025-11-01 23:54:06.166078+00:00,110010.23,110010.24,1703.03798272
Coinbase,BTC-USD,110010.24,2025-11-01 23:54:07.260643+00:00,110010.23,110010.24,1703.03850278
Coinbase,BTC-USD,110010.23,2025-11-01 23:54:08.881810+00:00,110010.23,110010.24,1703.03853411
Coinbase,BTC-USD,110010.24,2025-11-01 23:54:09.478524+00:00,110010.23,110010.24,1703.0387141
Coinbase,BTC-USD,110010.23,2025-11-01 23:54:10.268164+00:00,110010.23,110010.24,1703.04367241
Coinbase,BTC-USD,110010.24,2025-11-01 23:54:10.423848+00:00,110010.23,110010.24,1703.04388794
Coinbase,BTC-USD,110010.24,2025-11-01 23:54:10.850919+00:00,110010.23,110010.24,1703.04568777
Coinbase,BTC-USD,110010.23,2025-11-01 23:54:11.386747+00:00,110010.23,110010.24,1703.04574231
Coinbase,BTC-USD,110010.23,2025-11-01 23:54:12.270518+00:00,110010.23,110010.24,1703.04646935
Bitstamp,BTC-USD,109988.0,2025-11-01 23:54:13+00:00,0.0,0.0,0.02778642
Coinbase,BTC-USD,110010.24,2025-11-01 23:54:14.044555+00:00,110010.23,110010.24,1703.04647499
Coinbase,BTC-USD,110010.24,2025-11-01 23:54:14.044555+00:00,110010.23,110010.24,1703.04679438
Coinbase,BTC-USD,110010.24,2025-11-01 23:54:14.044555+00:00,110010.23,110011.95,1703.04681832
Coinbase,BTC-USD,110011.95,2025-11-01 23:54:14.044555+00:00,110010.23,110013.2,1703.05817685
Coinbase,BTC-USD,110013.2,2025-11-01 23:54:14.044555+00:00,110010.23,110013.52,1703.05818685
Coinbase,BTC-USD,110013.52,2025-11-01 23:54:14.044555+00:00,110010.23,110015.0,1703.05883257
Coinbase,BTC-USD,110015.0,2025-11-01 23:54:14.044555+00:00,110010.23,110016.88,1703.07383257
Coinbase,BTC-USD,110016.88,2025-11-01 23:54:14.044555+00:00,110010.23,110016.88,1703.07400664
Coinbase,BTC-USD,110016.88,2025-11-01 23:54:14.044555+00:00,110010.23,110016.88,1703.07436537
Coinbase,BTC-USD,110019.07,2025-11-01 23:54:14.398262+00:00,110019.06,110019.18,1703.07438489
Coinbase,BTC-USD,110019.18,2025-11-01 23:54:14.398262+00:00,110019.06,110019.18,1703.07445158
Bitstamp,BTC-USD,109988.0,2025-11-01 23:54:14+00:00,0.0,0.0,0.00151
Coinbase,BTC-USD,110019.18,2025-11-01 23:54:15.211496+00:00,110019.17,110019.18,1703.07645158
Coinbase,BTC-USD,110019.17,2025-11-01 23:54:15.780001+00:00,110019.17,110019.18,1703.07649988
Coinbase,BTC-USD,110019.17,2025-11-01 23:54:15.780001+00:00,110019.17,110019.18,1703.10376994
Coinbase,BTC-USD,110019.17,2025-11-01 23:54:15.780001+00:00,110018.92,110019.18,1703.17647726
Coinbase,BTC-USD,110018.92,2025-11-01 23:54:15.780001+00:00,110016.0,110019.18,1703.17651292
Coinbase,BTC-USD,110016.0,2025-11-01 23:54:15.780001+00:00,110014.72,110019.18,1703.20271292
Coinbase,BTC-USD,110014.72,2025-11-01 23:54:15.780001+00:00,110014.01,110019.18,1703.22200124
Coinbase,BTC-USD,110014.01,2025-11-01 23:54:15.780001+00:00,110014.0,110019.18,1703.31286596
Coinbase,BTC-USD,110014.0,2025-11-01 23:54:15.780001+00:00,110010.23,110019.18,1703.33906596
Coinbase,BTC-USD,110010.23,2025-11-01 23:54:15.780001+00:00,110010.23,110019.18,1703.33912014
Coinbase,BTC-USD,110010.23,2025-11-01 23:54:15.780001+00:00,110009.94,110019.18,1703.34093815
Coinbase,BTC-USD,110009.94,2025-11-01 23:54:15.780001+00:00,110008.54,110019.18,1703.36879104
Coinbase,BTC-USD,110008.54,2025-11-01 23:54:15.780001+00:00,110008.11,110019.18,1703.37788124
Coinbase,BTC-USD,110008.11,2025-11-01 23:54:15.780001+00:00,110006.83,110019.18,1703.37792112
Coinbase,BTC-USD,110006.83,2025-11-01 23:54:15.780001+00:00,110006.82,110019.18,1703.38973353
Coinbase,BTC-USD,110006.82,2025-11-01 23:54:15.780001+00:00,110006.27,110019.18,1703.39063165
Coinbase,BTC-USD,110006.27,2025-11-01 23:54:15.780001+00:00,110006.26,110019.18,1703.39278808
Coinbase,BTC-USD,110006.26,2025-11-01 23:54:15.780001+00:00,110006.03,110019.18,1703.54129829
Coinbase,BTC-USD,110006.03,2025-11-01 23:54:15.780001+00:00,110006.0,110019.18,1703.63220239
Coinbase,BTC-USD,110006.0,2025-11-01 23:54:15.780001+00:00,110006.0,110019.18,1703.65569148
Coinbase,BTC-USD,110015.99,2025-11-01 23:54:17.907931+00:00,110015.98,110015.99,1703.65942037
Coinbase,BTC-USD,110015.99,2025-11-01 23:54:17.907931+00:00,110015.98,110016.0,1703.65944352
Coinbase,BTC-USD,110016.0,2025-11-01 23:54:17.907931+00:00,110015.98,110016.0,1703.65957138
Coinbase,BTC-USD,110015.98,2025-11-01 23:54:18.031981+00:00,110015.98,110015.99,1703.67434693
Coinbase,BTC-USD,110015.99,2025-11-01 23:54:18.632850+00:00,110015.98,110015.99,1703.6743689
Coinbase,BTC-USD,110015.99,2025-11-01 23:54:18.632850+00:00,110015.98,110015.99,1703.67478861
Coinbase,BTC-USD,110015.98,2025-11-01 23:54:18.767317+00:00,110015.98,110015.99,1703.67589033
Coinbase,BTC-USD,110015.98,2025-11-01 23:54:19.573468+00:00,110015.98,110015.99,1703.6759442
Coinbase,BTC-USD,110015.99,2025-11-01 23:54:19.911053+00:00,110015.98,110015.99,1703.67684234
Coinbase,BTC-USD,110015.99,2025-11-01 23:54:20.884579+00:00,110015.98,110015.99,1703.67753212
Coinbase,BTC-USD,110015.98,2025-11-01 23:54:21.143911+00:00,110015.98,110015.99,1703.68650098
Coinbase,BTC-USD,110015.98,2025-11-01 23:54:21.143911+00:00,110015.98,110015.99,1703.69159285
Coinbase,BTC-USD,110015.98,2025-11-01 23:54:21.257926+00:00,110015.98,110015.99,1703.69205465
Coinbase,BTC-USD,110015.99,2025-11-01 23:54:22.452166+00:00,110015.98,110015.99,1703.69205604
Coinbase,BTC-USD,110015.99,2025-11-01 23:54:22.960144+00:00,110015.98,110015.99,1703.69250014
Coinbase,BTC-USD,110015.99,2025-11-01 23:54:23.411436+00:00,110015.98,110015.99,1703.69250232
Coinbase,BTC-USD,110015.98,2025-11-01 23:54:26.131713+00:00,110015.98,110015.99,1703.69259876
Coinbase,BTC-USD,110015.99,2025-11-01 23:54:26.646176+00:00,110015.98,110015.99,1703.69304662
Coinbase,BTC-USD,110015.99,2025-11-01 23:54:26.757872+00:00,110015.98,110015.99,1703.69392993
Coinbase,BTC-USD,110015.99,2025-11-01 23:54:26.847382+00:00,110015.98,110015.99,1703.69437986
Coinbase,BTC-USD,110015.99,2025-11-01 23:54:27.143352+00:00,110015.98,110015.99,1703.69526317
Coinbase,BTC-USD,110015.99,2025-11-01 23:54:27.283774+00:00,110015.98,110015.99,1703.6957131
Coinbase,BTC-USD,110015.99,2025-11-01 23:54:27.562674+00:00,110015.98,110015.99,1703.69747972
Coinbase,BTC-USD,110015.99,2025-11-01 23:54:27.588712+00:00,110015.98,110015.99,1703.69791076
Coinbase,BTC-USD,110015.99,2025-11-01 23:54:27.728369+00:00,110015.98,110015.99,1703.70066967
Coinbase,BTC-USD,110015.99,2025-11-01 23:54:27.812738+00:00,110015.98,110015.99,1703.70155298
Coinbase,BTC-USD,110015.99,2025-11-01 23:54:27.985116+00:00,110015.98,110015.99,1703.70164072
Coinbase,BTC-USD,110015.99,2025-11-01 23:54:28.045024+00:00,110015.98,110015.99,1703.70172693
Coinbase,BTC-USD,110015.99,2025-11-01 23:54:28.241079+00:00,110015.98,110015.99,1703.70216859
Coinbase,BTC-USD,110015.99,2025-11-01 23:54:28.380981+00:00,110015.98,110015.99,1703.70236859
Coinbase,BTC-USD,110015.99,2025-11-01 23:54:28.502087+00:00,110015.98,110015.99,1703.7032519
Coinbase,BTC-USD,110015.99,2025-11-01 23:54:28.753840+00:00,110015.98,110015.99,1703.7046017
Coinbase,BTC-USD,110015.99,2025-11-01 23:54:28.869865+00:00,110015.98,110015.99,1703.70477834
Coinbase,BTC-USD,110015.99,2025-11-01 23:54:28.920172+00:00,110015.98,110015.99,1703.70566165
Coinbase,BTC-USD,110015.99,2025-11-01 23:54:29.278439+00:00,110015.98,110015.99,1703.70581724
Coinbase,BTC-USD,110015.99,2025-11-01 23:54:29.284551+00:00,110015.98,110015.99,1703.70603807
Coinbase,BTC-USD,110015.99,2025-11-01 23:54:29.288346+00:00,110015.98,110015.99,1703.71487119
Coinbase,BTC-USD,110015.99,2025-11-01 23:54:29.342260+00:00,110015.98,110015.99,1703.71531285
Coinbase,BTC-USD,110015.99,2025-11-01 23:54:29.575984+00:00,110015.98,110015.99,1703.71548949
Coinbase,BTC-USD,110015.99,2025-11-01 23:54:29.755043+00:00,110015.98,110015.99,1703.71566613
Coinbase,BTC-USD,110015.99,2025-11-01 23:54:29.786327+00:00,110015.98,110015.99,1703.71583854
Coinbase,BTC-USD,110015.99,2025-11-01 23:54:29.866186+00:00,110015.98,110015.99,1703.71588128
Coinbase,BTC-USD,110015.99,2025-11-01 23:54:29.919930+00:00,110015.98,110015.99,1703.71676459
Coinbase,BTC-USD,110015.99,2025-11-01 23:54:30.137061+00:00,110015.98,110015.99,1703.71681201
Coinbase,BTC-USD,110015.98,2025-11-01 23:54:30.216739+00:00,110015.98,110015.99,1703.717532
Coinbase,BTC-USD,110015.99,2025-11-01 23:54:30.406771+00:00,110015.98,110015.99,1703.71758041
Coinbase,BTC-USD,110015.99,2025-11-01 23:54:30.406771+00:00,110015.98,110015.99,1703.71929862
Coinbase,BTC-USD,110015.99,2025-11-01 23:54:30.433110+00:00,110015.98,110015.99,1703.7199611
Coinbase,BTC-USD,110015.99,2025-11-01 23:54:30.728843+00:00,110015.98,110015.99,1703.72018193
Coinbase,BTC-USD,110015.99,2025-11-01 23:54:30.778522+00:00,110015.98,110015.99,1703.72104409
Coinbase,BTC-USD,110015.99,2025-11-01 23:54:30.828418+00:00,110015.98,110015.99,1703.72113183
Coinbase,BTC-USD,110015.99,2025-11-01 23:54:30.917850+00:00,110015.98,110015.99,1703.72130847
Coinbase,BTC-USD,110015.99,2025-11-01 23:54:30.985186+00:00,110015.98,110015.99,1703.72198337
Coinbase,BTC-USD,110015.99,2025-11-01 23:54:31.069364+00:00,110015.98,110015.99,1703.72200497
Coinbase,BTC-USD,110015.99,2025-11-01 23:54:31.186836+00:00,110015.98,110015.99,1703.72213995
Coinbase,BTC-USD,110015.99,2025-11-01 23:54:31.213123+00:00,110015.98,110015.99,1703.72349137
Coinbase,BTC-USD,110015.99,2025-11-01 23:54:31.479111+00:00,110015.98,110015.99,1703.72437468
Coinbase,BTC-USD,110015.99,2025-11-01 23:54:31.486700+00:00,110015.98,110015.99,1703.72482461
Coinbase,BTC-USD,110015.99,2025-11-01 23:54:31.503321+00:00,110015.98,110015.99,1703.72504544
Coinbase,BTC-USD,110015.99,2025-11-01 23:54:31.765360+00:00,110015.98,110015.99,1703.72513318
Coinbase,BTC-USD,110015.98,2025-11-01 23:54:31.964672+00:00,110015.98,110015.99,1703.74965296
Coinbase,BTC-USD,110015.99,2025-11-01 23:54:31.985886+00:00,110015.98,110015.99,1703.75009462
Coinbase,BTC-USD,110015.99,2025-11-01 23:54:32.334343+00:00,110015.98,110015.99,1703.75095678
Coinbase,BTC-USD,110015.99,2025-11-01 23:54:32.455943+00:00,110015.98,110015.99,1703.75104902
Coinbase,BTC-USD,110015.99,2025-11-01 23:54:32.457746+00:00,110015.98,110015.99,1703.75126985
Coinbase,BTC-USD,110015.99,2025-11-01 23:54:32.655223+00:00,110015.98,110015.99,1703.75139916
Coinbase,BTC-USD,110015.99,2025-11-01 23:54:32.952719+00:00,110015.98,110015.99,1703.75141869
Coinbase,BTC-USD,110015.99,2025-11-01 23:54:32.993204+00:00,110015.98,110015.99,1703.75274366
Coinbase,BTC-USD,110015.99,2025-11-01 23:54:33.135332+00:00,110015.98,110015.99,1703.75323832
Coinbase,BTC-USD,110015.99,2025-11-01 23:54:34.409758+00:00,110015.98,110015.99,1703.75332831
Coinbase,BTC-USD,110015.99,2025-11-01 23:54:35.305499+00:00,110015.98,110015.99,1703.75354383
Coinbase,BTC-USD,110015.99,2025-11-01 23:54:36.576257+00:00,110015.98,110015.99,1703.75397487
Coinbase,BTC-USD,110015.99,2025-11-01 23:54:38.096854+00:00,110015.98,110015.99,1703.75618315
Coinbase,BTC-USD,110016.0,2025-11-01 23:54:38.782646+00:00,110015.99,110016.0,1703.75756256
Bitstamp,BTC-USD,109988.0,2025-11-01 23:54:40+00:00,0.0,0.0,9.015e-05
Coinbase,BTC-USD,110015.99,2025-11-01 23:54:41.077272+00:00,110015.99,110016.0,1703.75939866
Coinbase,BTC-USD,110016.0,2025-11-01 23:54:41.214324+00:00,110015.99,110016.0,1703.75984859
Coinbase,BTC-USD,110015.99,2025-11-01 23:54:41.487596+00:00,110015.99,110016.0,1703.76008837
Coinbase,BTC-USD,110016.0,2025-11-01 23:54:41.988808+00:00,110015.99,110016.0,1703.76017836
Coinbase,BTC-USD,110015.99,2025-11-01 23:54:44.000637+00:00,110015.99,110016.0,1703.76021013
Coinbase,BTC-USD,110015.99,2025-11-01 23:54:44.000637+00:00,110015.99,110016.0,1703.78748019
Coinbase,BTC-USD,110015.98,2025-11-01 23:54:44.006511+00:00,110004.42,110016.0,1703.81475025
Coinbase,BTC-USD,110004.43,2025-11-01 23:54:44.584967+00:00,110004.43,110004.44,1703.81478832
Coinbase,BTC-USD,110004.43,2025-11-01 23:54:44.584967+00:00,110004.43,110004.44,1703.81491057
Coinbase,BTC-USD,110004.44,2025-11-01 23:54:44.960665+00:00,110004.43,110004.44,1703.81495367
Coinbase,BTC-USD,110004.44,2025-11-01 23:54:45.892116+00:00,110004.43,110004.44,1703.81578992
Coinbase,BTC-USD,110004.44,2025-11-01 23:54:46.429231+00:00,110004.43,110004.44,1703.84218219
Coinbase,BTC-USD,110004.44,2025-11-01 23:54:46.429231+00:00,110004.43,110004.44,1703.85011775
Coinbase,BTC-USD,110004.44,2025-11-01 23:54:46.429231+00:00,110004.43,110004.44,1703.86805331
Coinbase,BTC-USD,110004.44,2025-11-01 23:54:46.429231+00:00,110004.43,110004.44,1703.87858887
Coinbase,BTC-USD,110004.44,2025-11-01 23:54:46.429231+00:00,110004.43,110004.44,1703.90561738
Coinbase,BTC-USD,110004.44,2025-11-01 23:54:46.653776+00:00,110004.43,110004.44,1703.90670157
Coinbase,BTC-USD,110004.44,2025-11-01 23:54:46.653776+00:00,110004.43,110004.44,1703.91056857
Coinbase,BTC-USD,110004.44,2025-11-01 23:54:46.813159+00:00,110004.43,110004.44,1703.91131861
Bitstamp,BTC-USD,109988.0,2025-11-01 23:54:47+00:00,0.0,0.0,0.00041
Coinbase,BTC-USD,110004.44,2025-11-01 23:54:49.705217+00:00,110004.43,110004.44,1703.91136171
Coinbase,BTC-USD,110004.44,2025-11-01 23:54:52.644643+00:00,110004.43,110004.44,1703.91357022
Coinbase,BTC-USD,110004.44,2025-11-01 23:54:52.654032+00:00,110004.43,110004.44,1703.91374688
Bitstamp,BTC-USD,109988.0,2025-11-01 23:54:54+00:00,0.0,0.0,0.00027
Bitstamp,BTC-USD,109988.0,2025-11-01 23:54:55+00:00,0.0,0.0,0.00082
Coinbase,BTC-USD,110004.44,2025-11-01 23:54:56.376951+00:00,110004.43,110004.44,1703.91466088
Coinbase,BTC-USD,110004.44,2025-11-01 23:54:56.881010+00:00,110004.43,110004.44,1703.91470502
Coinbase,BTC-USD,110004.43,2025-11-01 23:54:58.240177+00:00,110004.43,110004.44,1703.91471488
Coinbase,BTC-USD,110004.44,2025-11-01 23:54:58.920384+00:00,110004.43,110004.44,1703.91493573
Coinbase,BTC-USD,110004.44,2025-11-01 23:54:59.942961+00:00,110004.43,110004.44,1703.91568666
Coinbase,BTC-USD,110004.44,2025-11-01 23:55:01.414410+00:00,110004.43,110004.44,1703.91773876
Coinbase,BTC-USD,110004.44,2025-11-01 23:55:01.789653+00:00,110004.43,110004.44,1703.92763836
Coinbase,BTC-USD,110004.44,2025-11-01 23:55:01.852153+00:00,110004.43,110004.44,1703.92783671
Coinbase,BTC-USD,110004.44,2025-11-01 23:55:02.611082+00:00,110004.43,110004.44,1703.92845921
Coinbase,BTC-USD,110004.43,2025-11-01 23:55:03.432033+00:00,110004.43,110004.44,1703.95559716
Coinbase,BTC-USD,110004.43,2025-11-01 23:55:03.432033+00:00,110004.43,110004.44,1704.02831235
Coinbase,BTC-USD,110004.43,2025-11-01 23:55:03.432033+00:00,110004.43,110004.44,1704.0283355
Coinbase,BTC-USD,110004.43,2025-11-01 23:55:03.432033+00:00,110004.43,110004.44,1704.02835686
Coinbase,BTC-USD,110004.43,2025-11-01 23:55:03.432033+00:00,110003.97,110004.44,1704.03774786
Coinbase,BTC-USD,110003.97,2025-11-01 23:55:03.432033+00:00,110002.2,110004.44,1704.0378107
Coinbase,BTC-USD,110002.2,2025-11-01 23:55:03.449293+00:00,110002.2,110002.21,1704.06876246
Coinbase,BTC-USD,110002.2,2025-11-01 23:55:03.449293+00:00,110002.2,110002.21,1704.06876618
Coinbase,BTC-USD,110002.2,2025-11-01 23:55:03.449964+00:00,110001.99,110002.21,1704.06878382
Coinbase,BTC-USD,110001.99,2025-11-01 23:55:03.449964+00:00,110001.1,110002.21,1704.06878754
Coinbase,BTC-USD,110001.11,2025-11-01 23:55:03.990183+00:00,110001.1,110001.11,1704.06887376
Coinbase,BTC-USD,110001.11,2025-11-01 23:55:04.184844+00:00,110001.1,110001.11,1704.06904619
Coinbase,BTC-USD,110001.1,2025-11-01 23:55:04.696261+00:00,110001.1,110001.11,1704.06905619
Coinbase,BTC-USD,110001.1,2025-11-01 23:55:04.696261+00:00,110001.1,110001.11,1704.06929409
Bitstamp,BTC-USD,109988.0,2025-11-01 23:55:05+00:00,0.0,0.0,0.00396774
Bitstamp,BTC-USD,109988.0,2025-11-01 23:55:05+00:00,0.0,0.0,0.00021713
Coinbase,BTC-USD,110001.11,2025-11-01 23:55:06.170590+00:00,110001.1,110001.11,1704.06973381
Bitstamp,BTC-USD,109988.0,2025-11-01 23:55:07+00:00,0.0,0.0,0.00051215
Coinbase,BTC-USD,110001.1,2025-11-01 23:55:07.396239+00:00,110001.1,110001.11,1704.07061726
Bitstamp,BTC-USD,109988.0,2025-11-01 23:55:07+00:00,0.0,0.0,0.05
Bitstamp,BTC-USD,109988.0,2025-11-01 23:55:07+00:00,0.0,0.0,0.00994
Coinbase,BTC-USD,110001.1,2025-11-01 23:55:08.284837+00:00,110001.1,110001.11,1704.09788873
Coinbase,BTC-USD,110001.1,2025-11-01 23:55:08.284837+00:00,110001.1,110001.11,1704.09792272
Coinbase,BTC-USD,110001.1,2025-11-01 23:55:08.284837+00:00,110001.1,110001.11,1704.09862066
Coinbase,BTC-USD,110001.1,2025-11-01 23:55:08.284837+00:00,110000.0,110001.11,1704.09864754
Coinbase,BTC-USD,110000.0,2025-11-01 23:55:08.284837+00:00,110000.0,110001.11,1704.10272513
Coinbase,BTC-USD,110000.0,2025-11-01 23:55:08.285128+00:00,110000.0,110001.11,1704.11661953
Coinbase,BTC-USD,110000.0,2025-11-01 23:55:08.288639+00:00,110000.0,110001.11,1704.14405663
Coinbase,BTC-USD,110000.0,2025-11-01 23:55:08.288639+00:00,109999.99,110001.11,1704.14423735
Coinbase,BTC-USD,109999.99,2025-11-01 23:55:08.289109+00:00,109998.14,110000.01,1704.14424004
Bitstamp,BTC-USD,109988.0,2025-11-01 23:55:09+00:00,0.0,0.0,0.00835
Coinbase,BTC-USD,109998.14,2025-11-01 23:55:09.857384+00:00,109998.14,109998.15,1704.14651281
Coinbase,BTC-USD,109998.14,2025-11-01 23:55:09.857384+00:00,109998.14,109998.15,1704.14653079
Coinbase,BTC-USD,109998.14,2025-11-01 23:55:09.857384+00:00,109998.14,109998.15,1704.14653206
Coinbase,BTC-USD,109998.14,2025-11-01 23:55:09.857384+00:00,109997.0,109998.15,1704.17380477
Bitstamp,BTC-USD,109988.0,2025-11-01 23:55:10+00:00,0.0,0.0,0.00052
Coinbase,BTC-USD,109995.06,2025-11-01 23:55:11.701756+00:00,109995.05,109995.06,1704.17884031
Coinbase,BTC-USD,109995.06,2025-11-01 23:55:12.277338+00:00,109995.05,109995.06,1704.17931452
Coinbase,BTC-USD,109995.06,2025-11-01 23:55:13.111640+00:00,109995.05,109995.06,1704.18072749
Coinbase,BTC-USD,109995.06,2025-11-01 23:55:15.208352+00:00,109995.05,109995.06,1704.18131154
Coinbase,BTC-USD,109995.06,2025-11-01 23:55:15.735378+00:00,109995.05,109995.06,1704.18168263
Coinbase,BTC-USD,109995.06,2025-11-01 23:55:16.137782+00:00,109995.05,109995.06,1704.18258802
Coinbase,BTC-USD,109995.06,2025-11-01 23:55:17.732699+00:00,109995.05,109995.06,1704.11429842
Coinbase,BTC-USD,109995.05,2025-11-01 23:55:18.233332+00:00,109995.05,109995.06,1704.11430942
Coinbase,BTC-USD,109995.05,2025-11-01 23:55:18.233332+00:00,109995.05,109995.06,1704.11431642
Coinbase,BTC-USD,109995.06,2025-11-01 23:55:18.544172+00:00,109995.05,109995.06,1704.11440471
Coinbase,BTC-USD,109995.06,2025-11-01 23:55:18.678395+00:00,109995.05,109995.06,1704.11462972
Coinbase,BTC-USD,109995.06,2025-11-01 23:55:18.851041+00:00,109995.05,109995.06,1704.11611479
Coinbase,BTC-USD,109995.06,2025-11-01 23:55:19.170265+00:00,109995.05,109995.06,1704.11620479
Coinbase,BTC-USD,109995.05,2025-11-01 23:55:19.426501+00:00,109995.05,109995.06,1704.11665087
Coinbase,BTC-USD,109995.06,2025-11-01 23:55:20.188819+00:00,109995.05,109995.06,1704.11682332
Coinbase,BTC-USD,109995.06,2025-11-01 23:55:20.195667+00:00,109995.05,109995.06,1704.11695832
Coinbase,BTC-USD,109995.06,2025-11-01 23:55:20.481480+00:00,109995.05,109995.06,1704.11712297
Coinbase,BTC-USD,109995.06,2025-11-01 23:55:20.915779+00:00,109995.05,109995.06,1704.11722647
Coinbase,BTC-USD,109995.05,2025-11-01 23:55:20.925853+00:00,109995.05,109995.06,1704.11727807
Coinbase,BTC-USD,109995.05,2025-11-01 23:55:24.561624+00:00,109995.05,109995.06,1704.11773264
Coinbase,BTC-USD,109995.06,2025-11-01 23:55:24.604372+00:00,109995.05,109995.06,1704.11786198
Coinbase,BTC-USD,109995.06,2025-11-01 23:55:25.754248+00:00,109995.05,109995.06,1704.11813793
Coinbase,BTC-USD,109995.06,2025-11-01 23:55:26.704525+00:00,109995.05,109995.06,1704.11865536
Coinbase,BTC-USD,109995.05,2025-11-01 23:55:27.078255+00:00,109995.05,109995.06,1704.11879672
Bitstamp,BTC-USD,109988.0,2025-11-01 23:55:28+00:00,0.0,0.0,0.0003
Coinbase,BTC-USD,109995.06,2025-11-01 23:55:29.354455+00:00,109995.05,109995.06,1704.1196802
Coinbase,BTC-USD,109995.06,2025-11-01 23:55:29.438287+00:00,109995.05,109995.06,1704.12012194
Coinbase,BTC-USD,109995.06,2025-11-01 23:55:29.909693+00:00,109995.05,109995.06,1704.1218889
Coinbase,BTC-USD,109995.06,2025-11-01 23:55:30.131041+00:00,109995.05,109995.06,1704.12233892
Coinbase,BTC-USD,109995.06,2025-11-01 23:55:30.473840+00:00,109995.05,109995.06,1704.1224273
Coinbase,BTC-USD,109995.06,2025-11-01 23:55:31.238698+00:00,109995.05,109995.06,1704.12308991
Coinbase,BTC-USD,109995.06,2025-11-01 23:55:31.493570+00:00,109995.05,109995.06,1704.12356414
Coinbase,BTC-USD,109995.06,2025-11-01 23:55:31.781486+00:00,109995.05,109995.06,1704.12577284
Coinbase,BTC-USD,109995.06,2025-11-01 23:55:31.905513+00:00,109995.05,109998.25,1704.1291733
Coinbase,BTC-USD,109998.25,2025-11-01 23:55:31.905513+00:00,109995.05,109998.25,1704.13019024
Coinbase,BTC-USD,109998.25,2025-11-01 23:55:31.947566+00:00,109998.24,109998.25,1704.13027646
Coinbase,BTC-USD,109998.25,2025-11-01 23:55:32.003449+00:00,109998.24,109998.25,1704.13207654
Coinbase,BTC-USD,109998.25,2025-11-01 23:55:32.028476+00:00,109998.24,109998.25,1704.13253349
Coinbase,BTC-USD,109998.25,2025-11-01 23:55:32.114687+00:00,109998.24,109998.25,1704.13271017
Coinbase,BTC-USD,109998.25,2025-11-01 23:55:32.261462+00:00,109998.24,109998.25,1704.13342907
Coinbase,BTC-USD,109998.25,2025-11-01 23:55:32.279918+00:00,109998.24,109998.25,1704.13364994
Coinbase,BTC-USD,109998.25,2025-11-01 23:55:32.684673+00:00,109998.24,109998.25,1704.13371969
Coinbase,BTC-USD,109998.25,2025-11-01 23:55:32.694692+00:00,109998.24,109998.25,1704.13376469
Coinbase,BTC-USD,109998.24,2025-11-01 23:55:32.711807+00:00,109998.24,109998.25,1704.13461437
Coinbase,BTC-USD,109998.25,2025-11-01 23:55:32.769767+00:00,109998.24,109998.25,1704.13483524
Coinbase,BTC-USD,109998.25,2025-11-01 23:55:32.841953+00:00,109998.24,109998.25,1704.13501192
Coinbase,BTC-USD,109998.25,2025-11-01 23:55:32.860254+00:00,109998.24,109998.25,1704.13519742
Coinbase,BTC-USD,109998.25,2025-11-01 23:55:32.861617+00:00,109998.24,109998.25,1704.13532991
Coinbase,BTC-USD,109998.25,2025-11-01 23:55:32.894312+00:00,109998.24,109998.25,1704.13566095
Coinbase,BTC-USD,109998.25,2025-11-01 23:55:33.175249+00:00,109998.24,109998.25,1704.13609207
Coinbase,BTC-USD,109998.25,2025-11-01 23:55:33.200782+00:00,109998.24,109998.25,1704.13631708
Coinbase,BTC-USD,109998.25,2025-11-01 23:55:33.222813+00:00,109998.24,109998.25,1704.14073448
Coinbase,BTC-USD,109998.25,2025-11-01 23:55:33.278360+00:00,109998.24,109998.25,1704.14104258
