exchange,symbol,price,timestamp,bid,ask,volume
Coinbase,BTC-USD,109995.65,2025-11-01 23:14:58.455211+00:00,109995.64,109995.65,1676.24603515
Coinbase,BTC-USD,109999.1,2025-11-01 23:14:59.859988+00:00,109999.09,109999.1,1676.2468722
Coinbase,BTC-USD,110000.0,2025-11-01 23:15:00.307809+00:00,109999.99,110000.0,1676.25137247
Binance,BTC-USD,110244.07,2025-11-01 23:15:00.411000+00:00,109914.71,110243.72,2.43741
Coinbase,BTC-USD,110000.0,2025-11-01 23:15:01.170419+00:00,109999.99,110000.0,1676.25142401
Coinbase,BTC-USD,110000.0,2025-11-01 23:15:01.295623+00:00,109999.99,110000.0,1676.25143725
Binance,BTC-USD,110244.07,2025-11-01 23:15:01.416000+00:00,109914.72,110243.61,2.43741
Coinbase,BTC-USD,110000.0,2025-11-01 23:15:01.501818+00:00,109999.99,110000.0,1676.2523722
Coinbase,BTC-USD,110000.0,2025-11-01 23:15:01.501818+00:00,109999.99,110000.0,1676.25256953
Coinbase,BTC-USD,110000.0,2025-11-01 23:15:01.501818+00:00,109999.99,110000.0,1676.25752085
Coinbase,BTC-USD,110000.0,2025-11-01 23:15:01.908460+00:00,109999.99,110000.0,1676.25977088
Binance,BTC-USD,110244.07,2025-11-01 23:15:02.428000+00:00,109914.75,110243.58,2.43741
Binance,BTC-USD,110244.07,2025-11-01 23:15:03.300000+00:00,109914.75,110243.56,2.43741
Coinbase,BTC-USD,110000.0,2025-11-01 23:15:04.244036+00:00,109999.99,110000.0,1676.25985926
Coinbase,BTC-USD,110000.0,2025-11-01 23:15:04.341565+00:00,109999.99,110000.0,1676.25990201
Coinbase,BTC-USD,110000.0,2025-11-01 23:15:04.341658+00:00,109999.99,110000.0,1676.2659338
Coinbase,BTC-USD,110000.0,2025-11-01 23:15:04.341658+00:00,109999.99,110001.64,1676.26601323
Coinbase,BTC-USD,110001.64,2025-11-01 23:15:04.341658+00:00,109999.99,110001.65,1676.26603681
Coinbase,BTC-USD,110001.65,2025-11-01 23:15:04.341658+00:00,109999.99,110001.65,1676.2694824
Coinbase,BTC-USD,110003.0,2025-11-01 23:15:04.417565+00:00,110002.99,110003.0,1676.26992415
Binance,BTC-USD,110244.07,2025-11-01 23:15:04.401000+00:00,109914.75,110243.48,2.43741
Coinbase,BTC-USD,110003.0,2025-11-01 23:15:04.855748+00:00,110002.99,110003.0,1676.27023339
Coinbase,BTC-USD,110003.0,2025-11-01 23:15:04.859381+00:00,110002.99,110003.0,1676.27041006
Coinbase,BTC-USD,110003.0,2025-11-01 23:15:05.043808+00:00,110002.99,110003.0,1676.27086006
Binance,BTC-USD,110243.51,2025-11-01 23:15:05.402000+00:00,109914.77,110243.51,2.43764
Coinbase,BTC-USD,110003.0,2025-11-01 23:15:06.369379+00:00,110002.99,110003.0,1676.27103251
Coinbase,BTC-USD,110003.0,2025-11-01 23:15:06.427850+00:00,110002.99,110003.0,1676.27201714
Coinbase,BTC-USD,110003.0,2025-11-01 23:15:06.427850+00:00,110002.99,110003.0,1676.27292942
Binance,BTC-USD,110243.51,2025-11-01 23:15:06.401000+00:00,109914.79,110243.5,2.43764
Coinbase,BTC-USD,110003.0,2025-11-01 23:15:07.104890+00:00,110002.99,110003.08,1676.27310694
Coinbase,BTC-USD,110003.08,2025-11-01 23:15:07.104890+00:00,110002.99,110003.08,1676.27337114
Bitstamp,BTC-USD,109993.0,2025-11-01 23:15:07+00:00,0.0,0.0,0.00533
Coinbase,BTC-USD,110003.08,2025-11-01 23:15:07.191449+00:00,110003.07,110003.08,1676.27517114
Coinbase,BTC-USD,110003.08,2025-11-01 23:15:07.298132+00:00,110003.07,110003.08,1676.27561286
Coinbase,BTC-USD,110003.08,2025-11-01 23:15:07.349670+00:00,110003.07,110003.08,1676.27606286
Bitstamp,BTC-USD,109993.0,2025-11-01 23:15:07+00:00,0.0,0.0,0.00065
Coinbase,BTC-USD,110003.08,2025-11-01 23:15:07.461520+00:00,110003.07,110003.08,1676.27738802
Binance,BTC-USD,110243.51,2025-11-01 23:15:07.528000+00:00,109914.79,110243.49,2.43764
Coinbase,BTC-USD,110003.08,2025-11-01 23:15:07.558522+00:00,110003.07,110003.08,1676.27756469
Coinbase,BTC-USD,110003.08,2025-11-01 23:15:07.749067+00:00,110003.07,110003.08,1676.28656518
Coinbase,BTC-USD,110002.0,2025-11-01 23:15:07.933564+00:00,110001.99,110002.0,1676.2870069
Coinbase,BTC-USD,110003.08,2025-11-01 23:15:08.166585+00:00,110000.24,110003.08,1676.28766948
Coinbase,BTC-USD,110002.0,2025-11-01 23:15:08.343551+00:00,110000.3,110002.0,1676.28775723
Binance,BTC-USD,110243.51,2025-11-01 23:15:08.358000+00:00,109914.79,110243.45,2.43764
Coinbase,BTC-USD,110003.08,2025-11-01 23:15:08.655592+00:00,110003.07,110003.08,1676.28864067
Coinbase,BTC-USD,110003.07,2025-11-01 23:15:09.210577+00:00,110003.07,110003.08,1676.29590349
Coinbase,BTC-USD,110003.08,2025-11-01 23:15:09.236720+00:00,110003.07,110003.08,1676.29599349
Binance,BTC-USD,110243.51,2025-11-01 23:15:09.405000+00:00,109914.79,110243.43,2.43764
Coinbase,BTC-USD,110003.08,2025-11-01 23:15:09.699187+00:00,110003.07,110003.08,1676.29908053
Coinbase,BTC-USD,110003.08,2025-11-01 23:15:09.699187+00:00,110003.07,110003.08,1676.30049344
Coinbase,BTC-USD,110003.08,2025-11-01 23:15:09.719038+00:00,110003.07,110003.08,1676.30115602
Coinbase,BTC-USD,110003.08,2025-11-01 23:15:09.992918+00:00,110003.07,110003.08,1676.30133269
Coinbase,BTC-USD,110003.08,2025-11-01 23:15:10.118234+00:00,110003.07,110003.08,1676.30144294
Coinbase,BTC-USD,110003.08,2025-11-01 23:15:10.260503+00:00,110003.07,110003.08,1676.30162294
Coinbase,BTC-USD,110003.08,2025-11-01 23:15:10.337195+00:00,110003.07,110003.08,1676.30206466
Binance,BTC-USD,110243.51,2025-11-01 23:15:10.532000+00:00,109914.79,110243.37,2.43764
Coinbase,BTC-USD,110003.08,2025-11-01 23:15:10.979893+00:00,110003.07,110003.08,1676.30224133
Coinbase,BTC-USD,110003.08,2025-11-01 23:15:11.098695+00:00,110003.07,110003.08,1676.30224997
Coinbase,BTC-USD,110003.08,2025-11-01 23:15:11.198942+00:00,110003.07,110003.08,1676.30354336
Coinbase,BTC-USD,110003.08,2025-11-01 23:15:11.212900+00:00,110003.07,110003.08,1676.30362958
Coinbase,BTC-USD,110003.08,2025-11-01 23:15:11.234119+00:00,110003.07,110003.08,1676.30367458
Coinbase,BTC-USD,110003.08,2025-11-01 23:15:11.237253+00:00,110003.07,110003.08,1676.30453687
Coinbase,BTC-USD,110003.08,2025-11-01 23:15:11.249810+00:00,110003.07,110003.08,1676.30470931
Coinbase,BTC-USD,110003.08,2025-11-01 23:15:11.357047+00:00,110003.07,110003.08,1676.30838053
Coinbase,BTC-USD,110003.08,2025-11-01 23:15:11.357047+00:00,110003.07,110003.08,1676.30995082
Coinbase,BTC-USD,110003.08,2025-11-01 23:15:11.357047+00:00,110003.07,110003.08,1676.31796045
Coinbase,BTC-USD,110003.07,2025-11-01 23:15:11.439395+00:00,110003.07,110003.08,1676.31798561
Coinbase,BTC-USD,110003.07,2025-11-01 23:15:11.439395+00:00,110000.0,110003.08,1676.3906963
Coinbase,BTC-USD,110000.0,2025-11-01 23:15:11.484669+00:00,109999.99,110000.0,1676.3909213
Coinbase,BTC-USD,110000.0,2025-11-01 23:15:11.543635+00:00,109999.99,110000.0,1676.39100905
Binance,BTC-USD,110243.51,2025-11-01 23:15:11.532000+00:00,109914.8,110243.32,2.43764
Coinbase,BTC-USD,110000.0,2025-11-01 23:15:11.701580+00:00,109999.99,110000.0,1676.39105216
Coinbase,BTC-USD,110000.0,2025-11-01 23:15:11.822506+00:00,109999.99,110000.0,1676.3912246
Coinbase,BTC-USD,110000.0,2025-11-01 23:15:11.843255+00:00,109999.99,110000.0,1676.39131235
Coinbase,BTC-USD,110000.0,2025-11-01 23:15:11.938726+00:00,109999.99,110000.0,1676.39131334
Coinbase,BTC-USD,110000.0,2025-11-01 23:15:12.202569+00:00,109999.99,110000.0,1676.39176334
Coinbase,BTC-USD,109999.99,2025-11-01 23:15:12.289404+00:00,109999.99,110000.0,1676.40249854
Coinbase,BTC-USD,109999.99,2025-11-01 23:15:12.289404+00:00,109999.99,110000.0,1676.44717097
Coinbase,BTC-USD,109999.99,2025-11-01 23:15:12.289689+00:00,109998.37,110000.0,1676.47521324
Coinbase,BTC-USD,109998.37,2025-11-01 23:15:12.293124+00:00,109995.99,110000.0,1676.4788496
Coinbase,BTC-USD,109995.99,2025-11-01 23:15:12.301797+00:00,109993.09,109996.0,1676.47954767
Coinbase,BTC-USD,109993.57,2025-11-01 23:15:12.450187+00:00,109993.56,109993.57,1676.47976852
Binance,BTC-USD,110243.51,2025-11-01 23:15:12.643000+00:00,109914.8,110243.31,2.43764
Coinbase,BTC-USD,109993.57,2025-11-01 23:15:12.702168+00:00,109993.56,109993.57,1676.47985852
Coinbase,BTC-USD,109993.57,2025-11-01 23:15:12.902448+00:00,109993.56,109993.57,1676.48074194
Coinbase,BTC-USD,109993.56,2025-11-01 23:15:12.948555+00:00,109993.45,109993.57,1676.48078845
Coinbase,BTC-USD,109993.45,2025-11-01 23:15:12.948555+00:00,109993.45,109993.57,1676.48082958
Coinbase,BTC-USD,109993.47,2025-11-01 23:15:12.989703+00:00,109993.46,109993.47,1676.48127958
Coinbase,BTC-USD,109993.47,2025-11-01 23:15:13.491387+00:00,109993.46,109993.47,1676.482163
Coinbase,BTC-USD,109993.47,2025-11-01 23:15:13.625575+00:00,109993.46,109993.47,1676.49099715
Binance,BTC-USD,110243.51,2025-11-01 23:15:13.608000+00:00,109914.81,110243.3,2.43764
Coinbase,BTC-USD,109993.46,2025-11-01 23:15:14.006946+00:00,109993.1,109993.47,1676.49104403
Coinbase,BTC-USD,109993.1,2025-11-01 23:15:14.006946+00:00,109993.1,109993.47,1676.49186511
Coinbase,BTC-USD,109993.11,2025-11-01 23:15:14.376047+00:00,109993.1,109993.11,1676.49203764
Binance,BTC-USD,110243.51,2025-11-01 23:15:14.508000+00:00,109914.81,110243.23,2.43764
Coinbase,BTC-USD,109993.1,2025-11-01 23:15:15.479100+00:00,109993.1,109993.11,1676.49864256
Coinbase,BTC-USD,109993.1,2025-11-01 23:15:15.479100+00:00,109990.0,109993.11,1676.49868883
Binance,BTC-USD,110243.51,2025-11-01 23:15:15.508000+00:00,109914.83,110243.21,2.43764
Coinbase,BTC-USD,109990.0,2025-11-01 23:15:16.528105+00:00,109990.0,109990.01,1676.49870103
Coinbase,BTC-USD,109990.0,2025-11-01 23:15:16.528105+00:00,109990.0,109990.01,1676.5405431
Coinbase,BTC-USD,109990.01,2025-11-01 23:15:16.559655+00:00,109990.0,109990.01,1676.54142654
Binance,BTC-USD,110243.51,2025-11-01 23:15:16.310000+00:00,109914.83,110243.15,2.43764
Coinbase,BTC-USD,109990.01,2025-11-01 23:15:17.640114+00:00,109990.0,109990.01,1676.54151492
Binance,BTC-USD,110243.51,2025-11-01 23:15:17.622000+00:00,109914.84,110243.08,2.43764
Coinbase,BTC-USD,109996.76,2025-11-01 23:15:18.609444+00:00,109996.76,109997.26,1676.54155551
Binance,BTC-USD,110243.51,2025-11-01 23:15:18.424000+00:00,109914.84,110243.02,2.43764
Coinbase,BTC-USD,109996.0,2025-11-01 23:15:19.507413+00:00,109995.99,109996.0,1676.54276135
Binance,BTC-USD,110243.51,2025-11-01 23:15:19.111000+00:00,109914.86,110243.02,2.43764
Coinbase,BTC-USD,109996.0,2025-11-01 23:15:20.018749+00:00,109995.99,109996.0,1676.56025551
Coinbase,BTC-USD,109996.0,2025-11-01 23:15:20.018749+00:00,109995.99,109996.0,1676.56490578
Coinbase,BTC-USD,109996.0,2025-11-01 23:15:20.018749+00:00,109995.99,109996.0,1676.5692637
Coinbase,BTC-USD,109992.74,2025-11-01 23:15:20.431396+00:00,109992.73,109992.74,1676.570368
Coinbase,BTC-USD,109992.74,2025-11-01 23:15:20.645130+00:00,109992.73,109992.74,1676.57252794
Binance,BTC-USD,110243.51,2025-11-01 23:15:20.650000+00:00,109914.86,110242.97,2.43764
Binance,BTC-USD,110243.51,2025-11-01 23:15:21.513000+00:00,109914.86,110242.98,2.43764
Coinbase,BTC-USD,109992.74,2025-11-01 23:15:22.027656+00:00,109992.73,109992.74,1676.57267456
Coinbase,BTC-USD,109992.74,2025-11-01 23:15:22.649561+00:00,109992.73,109992.74,1676.57767607
Coinbase,BTC-USD,109992.74,2025-11-01 23:15:22.652613+00:00,109992.73,109992.74,1676.57948698
Binance,BTC-USD,110243.51,2025-11-01 23:15:22.214000+00:00,109914.86,110242.96,2.43764
Coinbase,BTC-USD,109992.74,2025-11-01 23:15:23.360787+00:00,109992.73,109992.74,1676.58076495
Binance,BTC-USD,110243.51,2025-11-01 23:15:23.515000+00:00,109914.88,110242.92,2.43764
Coinbase,BTC-USD,109992.74,2025-11-01 23:15:23.963323+00:00,109992.73,109992.74,1676.58080995
Coinbase,BTC-USD,109992.74,2025-11-01 23:15:24.122155+00:00,109992.73,109992.74,1676.58169347
Coinbase,BTC-USD,109993.23,2025-11-01 23:15:24.541769+00:00,109993.23,109993.24,1676.58175337
Coinbase,BTC-USD,109993.23,2025-11-01 23:15:24.541769+00:00,109993.23,109993.24,1676.58637512
Bitstamp,BTC-USD,109991.0,2025-11-01 23:15:24+00:00,0.0,0.0,0.00087
Binance,BTC-USD,110243.51,2025-11-01 23:15:24.415000+00:00,109914.88,110242.88,2.43764
Binance,BTC-USD,110243.51,2025-11-01 23:15:25.648000+00:00,109914.88,110242.81,2.43764
Coinbase,BTC-USD,109997.51,2025-11-01 23:15:26.007907+00:00,109996.45,109997.51,1676.58723749
Binance,BTC-USD,110243.51,2025-11-01 23:15:26.517000+00:00,109914.9,110242.83,2.43764
Coinbase,BTC-USD,109997.51,2025-11-01 23:15:26.855571+00:00,109997.5,109997.51,1676.59342198
Coinbase,BTC-USD,109997.53,2025-11-01 23:15:27.335954+00:00,109997.52,109997.53,1676.59479004
Coinbase,BTC-USD,109997.52,2025-11-01 23:15:27.352774+00:00,109995.38,109997.53,1676.59482461
Coinbase,BTC-USD,109995.38,2025-11-01 23:15:27.352774+00:00,109995.38,109997.53,1676.59484847
Binance,BTC-USD,110243.51,2025-11-01 23:15:27.618000+00:00,109914.9,110242.77,2.43764
Coinbase,BTC-USD,109997.52,2025-11-01 23:15:27.980847+00:00,109995.37,109997.53,1676.59488304
Coinbase,BTC-USD,109995.37,2025-11-01 23:15:27.980847+00:00,109995.37,109997.53,1676.59661695
Binance,BTC-USD,110243.51,2025-11-01 23:15:28.618000+00:00,109914.93,110242.79,2.43764
Bitstamp,BTC-USD,109991.0,2025-11-01 23:15:28+00:00,0.0,0.0,0.00375
Coinbase,BTC-USD,109998.14,2025-11-01 23:15:29.468676+00:00,109998.13,109998.14,1676.59773797
Binance,BTC-USD,110243.51,2025-11-01 23:15:29.523000+00:00,109914.93,110242.75,2.43764
Coinbase,BTC-USD,109998.0,2025-11-01 23:15:30.420546+00:00,109997.99,109998.0,1676.60657295
Binance,BTC-USD,110243.51,2025-11-01 23:15:30.520000+00:00,109914.94,110242.71,2.43764
Binance,BTC-USD,110243.51,2025-11-01 23:15:31.620000+00:00,109914.94,110242.63,2.43764
Coinbase,BTC-USD,109997.99,2025-11-01 23:15:32.640517+00:00,109992.73,109998.0,1676.60661065
Coinbase,BTC-USD,109992.73,2025-11-01 23:15:32.640517+00:00,109992.73,109998.0,1676.60757804
Binance,BTC-USD,110243.51,2025-11-01 23:15:32.221000+00:00,109914.96,110242.62,2.43764
Coinbase,BTC-USD,109992.74,2025-11-01 23:15:33.046327+00:00,109992.73,109992.74,1676.6101251
Coinbase,BTC-USD,109992.74,2025-11-01 23:15:33.073887+00:00,109992.73,109992.74,1676.61017685
Coinbase,BTC-USD,109992.74,2025-11-01 23:15:33.414754+00:00,109992.73,109992.74,1676.61078049
Coinbase,BTC-USD,109992.73,2025-11-01 23:15:33.668385+00:00,109992.73,109992.76,1676.61179087
Coinbase,BTC-USD,109992.73,2025-11-01 23:15:33.668385+00:00,109992.55,109992.76,1676.611822
Coinbase,BTC-USD,109992.55,2025-11-01 23:15:33.668385+00:00,109992.55,109992.76,1676.61577613
Binance,BTC-USD,110243.51,2025-11-01 23:15:33.522000+00:00,109914.96,110242.58,2.43764
Coinbase,BTC-USD,109991.9,2025-11-01 23:15:33.855280+00:00,109991.9,109991.93,1676.63213043
Binance,BTC-USD,110243.51,2025-11-01 23:15:33.854000+00:00,109914.97,110242.6,2.43764
Binance,BTC-USD,110243.51,2025-11-01 23:15:35.490000+00:00,109914.97,110242.57,2.43764
Coinbase,BTC-USD,109989.01,2025-11-01 23:15:35.961546+00:00,109989.0,109989.01,1676.63221665
Coinbase,BTC-USD,109989.01,2025-11-01 23:15:36.174067+00:00,109989.0,109989.01,1676.63310015
Coinbase,BTC-USD,109989.01,2025-11-01 23:15:36.485752+00:00,109989.0,109989.01,1676.64172302
Coinbase,BTC-USD,109993.99,2025-11-01 23:15:36.523919+00:00,109992.0,109993.99,1676.64176802
Coinbase,BTC-USD,109999.11,2025-11-01 23:15:36.641839+00:00,109996.02,109999.11,1676.64318165
Binance,BTC-USD,110243.51,2025-11-01 23:15:36.624000+00:00,109914.99,110242.54,2.43764
Coinbase,BTC-USD,109999.99,2025-11-01 23:15:36.736261+00:00,109998.0,109999.99,1676.64336166
Coinbase,BTC-USD,110000.0,2025-11-01 23:15:37.015456+00:00,109996.01,110000.0,1676.64424485
Binance,BTC-USD,110243.51,2025-11-01 23:15:37.524000+00:00,109915.0,110242.54,2.43764
Coinbase,BTC-USD,109998.35,2025-11-01 23:15:38.379781+00:00,109998.33,109998.35,1676.64427684
Binance,BTC-USD,110243.51,2025-11-01 23:15:38.226000+00:00,109915.0,110242.51,2.43764
Binance,BTC-USD,110243.51,2025-11-01 23:15:39.786000+00:00,109915.0,110242.5,2.43764
Binance,BTC-USD,110243.51,2025-11-01 23:15:40.726000+00:00,109915.02,110242.47,2.43764
Bitstamp,BTC-USD,109991.0,2025-11-01 23:15:40+00:00,0.0,0.0,0.00036336
Coinbase,BTC-USD,109998.33,2025-11-01 23:15:41.072071+00:00,109998.33,109998.35,1676.64436411
Binance,BTC-USD,110243.51,2025-11-01 23:15:41.227000+00:00,109915.02,110242.43,2.43764
Binance,BTC-USD,110243.51,2025-11-01 23:15:42.728000+00:00,109915.02,110242.39,2.43764
Binance,BTC-USD,110243.51,2025-11-01 23:15:43.628000+00:00,109915.02,110242.33,2.43764
Coinbase,BTC-USD,109998.35,2025-11-01 23:15:44.602812+00:00,109998.33,109998.35,1676.64437419
Coinbase,BTC-USD,109998.35,2025-11-01 23:15:44.708856+00:00,109998.33,109998.35,1676.6461411
Binance,BTC-USD,110243.51,2025-11-01 23:15:44.629000+00:00,109915.03,110242.29,2.43764
Binance,BTC-USD,110243.51,2025-11-01 23:15:45.232000+00:00,109915.05,110242.27,2.43764
Coinbase,BTC-USD,109998.35,2025-11-01 23:15:45.921582+00:00,109998.33,109998.35,1676.64635667
Coinbase,BTC-USD,109998.35,2025-11-01 23:15:46.132061+00:00,109998.33,109998.35,1676.64657222
Binance,BTC-USD,110243.51,2025-11-01 23:15:46.772000+00:00,109915.05,110242.22,2.43764
Coinbase,BTC-USD,109998.35,2025-11-01 23:15:47.753827+00:00,109998.33,109998.35,1676.64749986
Binance,BTC-USD,110243.51,2025-11-01 23:15:47.732000+00:00,109915.06,110242.13,2.43764
Binance,BTC-USD,110240.0,2025-11-01 23:15:48.733000+00:00,109915.06,110242.12,2.44264
Bitstamp,BTC-USD,109991.0,2025-11-01 23:15:48+00:00,0.0,0.0,0.003
Coinbase,BTC-USD,109998.35,2025-11-01 23:15:49.050376+00:00,109998.33,109998.35,1676.64781928
Coinbase,BTC-USD,109998.35,2025-11-01 23:15:49.050376+00:00,109998.33,109998.35,1676.64900171
Coinbase,BTC-USD,109998.35,2025-11-01 23:15:49.737705+00:00,109998.33,109998.35,1676.64988516
Binance,BTC-USD,110240.0,2025-11-01 23:15:49.633000+00:00,109915.08,110242.06,2.44264
Binance,BTC-USD,110240.0,2025-11-01 23:15:50.434000+00:00,109915.09,110242.13,2.44264
Binance,BTC-USD,110240.0,2025-11-01 23:15:51.426000+00:00,109915.09,110242.11,2.44264
Coinbase,BTC-USD,109998.34,2025-11-01 23:15:52.696245+00:00,109998.33,109998.34,1676.65003177
Coinbase,BTC-USD,109998.33,2025-11-01 23:15:52.764968+00:00,109998.33,109998.34,1676.6500435
Coinbase,BTC-USD,109998.33,2025-11-01 23:15:52.764968+00:00,109994.83,109998.34,1676.65006667
Coinbase,BTC-USD,109994.83,2025-11-01 23:15:52.764968+00:00,109991.34,109998.34,1676.72278237
Binance,BTC-USD,110240.0,2025-11-01 23:15:52.792000+00:00,109915.11,110242.06,2.44264
Binance,BTC-USD,110240.0,2025-11-01 23:15:53.836000+00:00,109915.13,110241.99,2.44264
Coinbase,BTC-USD,109991.99,2025-11-01 23:15:53.958660+00:00,109991.16,109992.0,1676.72282007
Coinbase,BTC-USD,109991.16,2025-11-01 23:15:53.958660+00:00,109991.16,109992.0,1676.72370059
Coinbase,BTC-USD,109992.0,2025-11-01 23:15:54.054331+00:00,109991.99,109992.0,1676.72408859
Binance,BTC-USD,110240.0,2025-11-01 23:15:54.837000+00:00,109915.14,110241.95,2.44264
Binance,BTC-USD,110240.0,2025-11-01 23:15:55.338000+00:00,109915.14,110241.99,2.44264
Coinbase,BTC-USD,109991.99,2025-11-01 23:15:56.189499+00:00,109991.01,109992.0,1676.72414919
Coinbase,BTC-USD,109991.01,2025-11-01 23:15:56.189499+00:00,109991.01,109992.0,1676.73998824
Binance,BTC-USD,110240.0,2025-11-01 23:15:56.669000+00:00,109915.15,110241.96,2.44264
Bitstamp,BTC-USD,109991.0,2025-11-01 23:15:56+00:00,0.0,0.0,0.00045
Coinbase,BTC-USD,109991.02,2025-11-01 23:15:57.127733+00:00,109991.01,109991.02,1676.74214161
Coinbase,BTC-USD,109989.02,2025-11-01 23:15:57.176451+00:00,109989.01,109989.03,1676.74218986
Coinbase,BTC-USD,109989.01,2025-11-01 23:15:57.176451+00:00,109989.0,109989.03,1676.76946542
Coinbase,BTC-USD,109989.0,2025-11-01 23:15:57.176451+00:00,109982.95,109989.03,1676.76947642
Coinbase,BTC-USD,109982.95,2025-11-01 23:15:57.245246+00:00,109982.95,109984.0,1676.76948742
Coinbase,BTC-USD,109982.95,2025-11-01 23:15:57.245246+00:00,109980.0,109984.0,1676.76953567
Coinbase,BTC-USD,109980.0,2025-11-01 23:15:57.245246+00:00,109979.98,109984.0,1676.78723567
Coinbase,BTC-USD,109979.98,2025-11-01 23:15:57.245246+00:00,109978.0,109984.0,1676.78727417
Coinbase,BTC-USD,109978.0,2025-11-01 23:15:57.245246+00:00,109978.0,109984.0,1676.80392224
Coinbase,BTC-USD,109984.0,2025-11-01 23:15:57.355543+00:00,109983.99,109984.0,1676.82159122
Binance,BTC-USD,110240.0,2025-11-01 23:15:57.840000+00:00,109915.15,110241.95,2.44264
Coinbase,BTC-USD,109986.0,2025-11-01 23:15:58.238824+00:00,109985.99,109986.0,1676.82202233
Coinbase,BTC-USD,109986.0,2025-11-01 23:15:58.568420+00:00,109985.99,109986.0,1676.82211233
Binance,BTC-USD,110240.0,2025-11-01 23:15:58.840000+00:00,109915.16,110241.84,2.44264
Coinbase,BTC-USD,109987.52,2025-11-01 23:15:59.409528+00:00,109987.51,109987.52,1676.82345233
Binance,BTC-USD,110240.0,2025-11-01 23:15:59.741000+00:00,109915.17,110241.77,2.44264
Coinbase,BTC-USD,109987.52,2025-11-01 23:15:59.912575+00:00,109987.51,109987.52,1676.82480235
Coinbase,BTC-USD,109987.52,2025-11-01 23:16:00.326429+00:00,109987.51,109987.52,1676.82537188
Coinbase,BTC-USD,109987.52,2025-11-01 23:16:00.384615+00:00,109987.51,109987.52,1676.82630312
Coinbase,BTC-USD,109987.52,2025-11-01 23:16:00.497723+00:00,109987.51,109987.52,1676.82653595
Binance,BTC-USD,110240.0,2025-11-01 23:16:00.842000+00:00,109915.17,110241.77,2.44264
Coinbase,BTC-USD,109987.51,2025-11-01 23:16:01.595659+00:00,109987.51,109987.52,1676.82659201
Coinbase,BTC-USD,109987.51,2025-11-01 23:16:01.595659+00:00,109984.57,109987.52,1676.85386894
Binance,BTC-USD,110240.0,2025-11-01 23:16:01.343000+00:00,109915.17,110241.75,2.44264
Bitstamp,BTC-USD,109989.0,2025-11-01 23:16:02+00:00,0.0,0.0,3.51e-06
Coinbase,BTC-USD,109985.99,2025-11-01 23:16:02.331307+00:00,109985.98,109985.99,1676.86240606
Binance,BTC-USD,110240.0,2025-11-01 23:16:02.627000+00:00,109915.19,110241.71,2.44264
Coinbase,BTC-USD,109985.99,2025-11-01 23:16:03.099445+00:00,109985.98,109986.0,1676.862462
Coinbase,BTC-USD,109985.98,2025-11-01 23:16:03.099445+00:00,109985.98,109986.0,1676.86266141
Binance,BTC-USD,110240.0,2025-11-01 23:16:03.644000+00:00,109915.19,110241.69,2.44264
Binance,BTC-USD,110240.0,2025-11-01 23:16:04.644000+00:00,109915.19,110241.67,2.44264
Coinbase,BTC-USD,109985.99,2025-11-01 23:16:05.530734+00:00,109985.98,109985.99,1676.86270452
Binance,BTC-USD,110240.0,2025-11-01 23:16:05.745000+00:00,109915.2,110241.58,2.44264
Coinbase,BTC-USD,109985.99,2025-11-01 23:16:06.358238+00:00,109985.98,109986.0,1676.86361348
Coinbase,BTC-USD,109986.0,2025-11-01 23:16:06.358238+00:00,109985.98,109986.0,1676.86535786
Coinbase,BTC-USD,109985.98,2025-11-01 23:16:06.502860+00:00,109980.0,109985.99,1676.89243538
Binance,BTC-USD,110240.0,2025-11-01 23:16:06.645000+00:00,109915.22,110241.58,2.44264
Coinbase,BTC-USD,109980.01,2025-11-01 23:16:07.181941+00:00,109980.01,109980.02,1676.89251485
Coinbase,BTC-USD,109980.01,2025-11-01 23:16:07.181941+00:00,109980.01,109980.02,1676.89379669
Binance,BTC-USD,110240.0,2025-11-01 23:16:07.847000+00:00,109915.24,110241.56,2.44264
Binance,BTC-USD,110240.0,2025-11-01 23:16:08.647000+00:00,109915.24,110241.53,2.44264
Coinbase,BTC-USD,109980.02,2025-11-01 23:16:09.235513+00:00,109980.01,109980.02,1676.89600728
Coinbase,BTC-USD,109980.02,2025-11-01 23:16:09.251457+00:00,109980.01,109980.02,1676.90500843
Coinbase,BTC-USD,109980.1,2025-11-01 23:16:09.523498+00:00,109980.09,109980.1,1676.90526711
Coinbase,BTC-USD,109980.1,2025-11-01 23:16:09.595221+00:00,109980.09,109980.1,1676.905488
Coinbase,BTC-USD,109980.1,2025-11-01 23:16:09.630956+00:00,109980.09,109980.1,1676.90557576
Coinbase,BTC-USD,109980.1,2025-11-01 23:16:09.700601+00:00,109980.09,109980.1,1676.90757401
Binance,BTC-USD,110240.0,2025-11-01 23:16:09.648000+00:00,109915.24,110241.51,2.44264
Coinbase,BTC-USD,109980.1,2025-11-01 23:16:10.098439+00:00,109980.09,109980.1,1676.90801579
Coinbase,BTC-USD,109980.1,2025-11-01 23:16:10.157874+00:00,109980.09,109980.1,1676.91155
Coinbase,BTC-USD,109980.73,2025-11-01 23:16:10.201884+00:00,109980.72,109980.73,1676.91183155
Coinbase,BTC-USD,109980.73,2025-11-01 23:16:10.505512+00:00,109980.72,109980.73,1676.91227333
Binance,BTC-USD,110240.0,2025-11-01 23:16:10.848000+00:00,109915.26,110241.45,2.44264
Coinbase,BTC-USD,109980.73,2025-11-01 23:16:11.197679+00:00,109980.72,109980.73,1676.91240268
Coinbase,BTC-USD,109980.73,2025-11-01 23:16:11.301094+00:00,109980.72,109980.73,1676.91244769
Coinbase,BTC-USD,109980.72,2025-11-01 23:16:11.302898+00:00,109980.72,109980.73,1676.91252366
Coinbase,BTC-USD,109980.72,2025-11-01 23:16:11.302898+00:00,109980.72,109980.73,1676.9126038
Coinbase,BTC-USD,109980.73,2025-11-01 23:16:11.484659+00:00,109980.72,109980.73,1676.91350391
Coinbase,BTC-USD,109980.73,2025-11-01 23:16:11.561389+00:00,109980.72,109980.73,1676.7645519
Coinbase,BTC-USD,109980.73,2025-11-01 23:16:11.710754+00:00,109980.72,109980.73,1676.76545201
Coinbase,BTC-USD,109980.73,2025-11-01 23:16:11.746780+00:00,109980.72,109980.73,1676.76566759
Coinbase,BTC-USD,109980.73,2025-11-01 23:16:11.824636+00:00,109980.72,109980.73,1676.76593762
Binance,BTC-USD,110240.0,2025-11-01 23:16:11.751000+00:00,109915.26,110241.39,2.44264
Coinbase,BTC-USD,109980.73,2025-11-01 23:16:11.946862+00:00,109980.72,109980.73,1676.76611764
Coinbase,BTC-USD,109980.75,2025-11-01 23:16:12.602256+00:00,109980.74,109980.75,1676.76620387
Coinbase,BTC-USD,109980.75,2025-11-01 23:16:12.632852+00:00,109980.74,109980.75,1676.76664567
Coinbase,BTC-USD,109980.75,2025-11-01 23:16:12.666787+00:00,109980.74,109980.75,1676.76686656
Coinbase,BTC-USD,109980.75,2025-11-01 23:16:12.786543+00:00,109980.74,109980.75,1676.76731662
Binance,BTC-USD,110240.0,2025-11-01 23:16:12.250000+00:00,109915.26,110241.39,2.44264
Coinbase,BTC-USD,109980.75,2025-11-01 23:16:12.937692+00:00,109980.74,109980.75,1676.76753751
Coinbase,BTC-USD,109980.75,2025-11-01 23:16:13.129463+00:00,109980.74,109980.75,1676.76762527
Coinbase,BTC-USD,109980.75,2025-11-01 23:16:13.180546+00:00,109980.74,109980.75,1676.76806705
Coinbase,BTC-USD,109980.75,2025-11-01 23:16:13.612433+00:00,109980.74,109980.75,1676.76815481
Coinbase,BTC-USD,109980.75,2025-11-01 23:16:13.639659+00:00,109980.74,109980.75,1676.76860487
Coinbase,BTC-USD,109980.75,2025-11-01 23:16:13.715811+00:00,109980.74,109980.75,1676.7688299
Coinbase,BTC-USD,109980.75,2025-11-01 23:16:13.869725+00:00,109980.74,109980.75,1676.76887302
Binance,BTC-USD,110240.0,2025-11-01 23:16:13.851000+00:00,109915.28,110241.35,2.44264
Coinbase,BTC-USD,109980.8,2025-11-01 23:16:13.985263+00:00,109980.79,109980.8,1676.77064022
Coinbase,BTC-USD,109980.8,2025-11-01 23:16:14.027650+00:00,109980.79,109980.8,1676.771082
Coinbase,BTC-USD,109980.8,2025-11-01 23:16:14.125440+00:00,109980.79,109980.8,1676.7724074
Coinbase,BTC-USD,109980.8,2025-11-01 23:16:14.147812+00:00,109980.79,109980.8,1676.7726283
Coinbase,BTC-USD,109980.8,2025-11-01 23:16:14.169238+00:00,109980.79,109980.8,1676.77282272
Coinbase,BTC-USD,109980.8,2025-11-01 23:16:14.634354+00:00,109980.79,109980.8,1676.77291049
Coinbase,BTC-USD,109980.8,2025-11-01 23:16:14.660384+00:00,109980.79,109980.8,1676.77335227
Coinbase,BTC-USD,109980.8,2025-11-01 23:16:14.709700+00:00,109980.79,109980.8,1676.77378345
Coinbase,BTC-USD,109980.9,2025-11-01 23:16:14.810359+00:00,109980.89,109980.9,1676.77599233
Coinbase,BTC-USD,109981.94,2025-11-01 23:16:14.844045+00:00,109981.93,109981.94,1676.77687593
Coinbase,BTC-USD,109981.94,2025-11-01 23:16:14.876543+00:00,109981.93,109981.95,1676.80326953
Coinbase,BTC-USD,109981.95,2025-11-01 23:16:14.876543+00:00,109981.93,109981.95,1676.82105254
Coinbase,BTC-USD,109981.96,2025-11-01 23:16:14.906139+00:00,109980.89,109981.96,1676.82111037
Binance,BTC-USD,110240.0,2025-11-01 23:16:14.711000+00:00,109915.28,110241.3,2.44264
Coinbase,BTC-USD,109981.96,2025-11-01 23:16:15.007439+00:00,109981.95,109981.96,1676.82137547
Coinbase,BTC-USD,109981.96,2025-11-01 23:16:15.063398+00:00,109981.95,109981.96,1676.82155216
Coinbase,BTC-USD,109981.96,2025-11-01 23:16:15.082737+00:00,109981.95,109981.96,1676.8217772
Coinbase,BTC-USD,109981.96,2025-11-01 23:16:15.147250+00:00,109981.95,109981.96,1676.822219
Coinbase,BTC-USD,109981.96,2025-11-01 23:16:15.160082+00:00,109981.95,109981.96,1676.82663676
Coinbase,BTC-USD,109981.96,2025-11-01 23:16:15.220040+00:00,109981.95,109981.96,1676.82707856
Coinbase,BTC-USD,109981.96,2025-11-01 23:16:15.602841+00:00,109981.95,109981.96,1676.82796216
Coinbase,BTC-USD,109981.96,2025-11-01 23:16:15.945162+00:00,109981.95,109981.96,1676.82813463
Binance,BTC-USD,110240.0,2025-11-01 23:16:15.651000+00:00,109915.32,110241.3,2.44264
Coinbase,BTC-USD,109981.96,2025-11-01 23:16:16.131470+00:00,109981.95,109981.96,1676.82815038
Coinbase,BTC-USD,109983.43,2025-11-01 23:16:16.280415+00:00,109982.03,109983.43,1676.82832708
Coinbase,BTC-USD,109983.43,2025-11-01 23:16:16.583744+00:00,109982.07,109983.44,1676.82833864
Coinbase,BTC-USD,109983.44,2025-11-01 23:16:16.583744+00:00,109982.07,109983.44,1676.82855211
Coinbase,BTC-USD,109982.07,2025-11-01 23:16:16.649923+00:00,109982.07,109983.43,1676.82855411
Binance,BTC-USD,110240.0,2025-11-01 23:16:16.754000+00:00,109915.32,110241.24,2.44264
Coinbase,BTC-USD,109983.44,2025-11-01 23:16:17.505750+00:00,109983.28,109983.44,1676.82943766
Coinbase,BTC-USD,109983.44,2025-11-01 23:16:17.752808+00:00,109983.28,109983.44,1676.82965856
Coinbase,BTC-USD,109983.44,2025-11-01 23:16:17.846623+00:00,109983.28,109983.44,1676.82972382
Binance,BTC-USD,110240.0,2025-11-01 23:16:17.854000+00:00,109915.34,110241.23,2.44264
Coinbase,BTC-USD,109983.44,2025-11-01 23:16:18.069558+00:00,109983.28,109983.44,1676.83007721
Coinbase,BTC-USD,109983.44,2025-11-01 23:16:18.072942+00:00,109983.28,109983.44,1676.83335443
Binance,BTC-USD,110240.0,2025-11-01 23:16:18.889000+00:00,109915.34,110241.2,2.44264
Binance,BTC-USD,110240.0,2025-11-01 23:16:19.954000+00:00,109915.36,110241.15,2.44264
Coinbase,BTC-USD,109983.44,2025-11-01 23:16:20.268226+00:00,109983.43,109983.5,1676.83349994
Coinbase,BTC-USD,109983.5,2025-11-01 23:16:20.268226+00:00,109983.43,109983.5,1676.83353446
Binance,BTC-USD,110240.0,2025-11-01 23:16:20.856000+00:00,109915.38,110241.09,2.44264
Binance,BTC-USD,110240.0,2025-11-01 23:16:21.957000+00:00,109915.38,110241.03,2.44264
Coinbase,BTC-USD,109984.06,2025-11-01 23:16:22.957686+00:00,109984.04,109984.06,1676.8343969
Binance,BTC-USD,110240.0,2025-11-01 23:16:22.816000+00:00,109915.39,110241.0,2.44264
Coinbase,BTC-USD,109984.06,2025-11-01 23:16:23.854391+00:00,109984.05,109984.06,1676.83483868
Binance,BTC-USD,110240.0,2025-11-01 23:16:23.377000+00:00,109915.4,110240.97,2.44264
Binance,BTC-USD,110240.0,2025-11-01 23:16:24.958000+00:00,109915.42,110240.97,2.44264
Coinbase,BTC-USD,109985.12,2025-11-01 23:16:25.536611+00:00,109985.11,109985.12,1676.83486668
Coinbase,BTC-USD,109986.03,2025-11-01 23:16:25.686133+00:00,109986.03,109987.49,1676.83489188
Coinbase,BTC-USD,109987.48,2025-11-01 23:16:25.879272+00:00,109986.03,109987.48,1676.83723538
Binance,BTC-USD,110240.0,2025-11-01 23:16:25.460000+00:00,109915.42,110240.95,2.44264
Coinbase,BTC-USD,109986.02,2025-11-01 23:16:26.493276+00:00,109986.0,109986.02,1676.83866538
Binance,BTC-USD,110240.0,2025-11-01 23:16:26.862000+00:00,109915.46,110240.87,2.44264
Binance,BTC-USD,110240.0,2025-11-01 23:16:27.987000+00:00,109915.48,110240.82,2.44264
Binance,BTC-USD,110240.0,2025-11-01 23:16:28.962000+00:00,109915.5,110240.83,2.44264
Coinbase,BTC-USD,109984.04,2025-11-01 23:16:29.860685+00:00,109984.04,109984.05,1676.83886865
Binance,BTC-USD,110240.0,2025-11-01 23:16:29.962000+00:00,109915.5,110240.69,2.44264
Coinbase,BTC-USD,109984.05,2025-11-01 23:16:30.272586+00:00,109984.04,109984.05,1676.83931773
Binance,BTC-USD,110240.0,2025-11-01 23:16:30.863000+00:00,109915.52,110240.63,2.44264
Coinbase,BTC-USD,109984.05,2025-11-01 23:16:31.034109+00:00,109984.04,109984.05,1676.83976688
Coinbase,BTC-USD,109985.5,2025-11-01 23:16:31.950836+00:00,109985.5,109987.06,1676.8400851
Binance,BTC-USD,110240.0,2025-11-01 23:16:31.677000+00:00,109915.52,110240.59,2.44264
Binance,BTC-USD,110240.0,2025-11-01 23:16:32.664000+00:00,109915.52,110240.55,2.44262
Coinbase,BTC-USD,109985.45,2025-11-01 23:16:33.475768+00:00,109985.44,109985.45,1676.84180996
Coinbase,BTC-USD,109985.33,2025-11-01 23:16:33.812312+00:00,109984.89,109985.33,1676.84198665
Binance,BTC-USD,110240.0,2025-11-01 23:16:33.986000+00:00,109915.54,110240.54,2.44262
Coinbase,BTC-USD,109984.89,2025-11-01 23:16:34.541118+00:00,109984.89,109984.91,1676.84290497
Binance,BTC-USD,110240.0,2025-11-01 23:16:34.966000+00:00,109915.54,110240.49,2.44262
Coinbase,BTC-USD,109984.91,2025-11-01 23:16:35.717044+00:00,109984.9,109984.91,1676.8451553
Binance,BTC-USD,110240.0,2025-11-01 23:16:35.894000+00:00,109915.54,110240.45,2.44262
Coinbase,BTC-USD,109984.91,2025-11-01 23:16:36.102602+00:00,109984.9,109984.91,1676.84521313
Coinbase,BTC-USD,109984.91,2025-11-01 23:16:36.996719+00:00,109984.9,109984.91,1676.84698024
Binance,BTC-USD,110240.0,2025-11-01 23:16:36.267000+00:00,109915.56,110240.45,2.44262
Coinbase,BTC-USD,109984.93,2025-11-01 23:16:37.490078+00:00,109984.92,109984.93,1676.84720113
Binance,BTC-USD,110240.0,2025-11-01 23:16:37.668000+00:00,109915.58,110240.43,2.44262
Coinbase,BTC-USD,109984.91,2025-11-01 23:16:38.164961+00:00,109984.89,109984.91,1676.84764291
Coinbase,BTC-USD,109984.91,2025-11-01 23:16:38.296895+00:00,109984.89,109984.91,1676.8480847
Coinbase,BTC-USD,109984.91,2025-11-01 23:16:38.746584+00:00,109984.89,109984.91,1676.84911958
Binance,BTC-USD,110240.0,2025-11-01 23:16:38.869000+00:00,109915.58,110240.37,2.44262
Binance,BTC-USD,110240.0,2025-11-01 23:16:39.870000+00:00,109915.58,110240.39,2.44262
Binance,BTC-USD,110240.0,2025-11-01 23:16:40.970000+00:00,109915.58,110240.39,2.44262
Binance,BTC-USD,110240.0,2025-11-01 23:16:41.670000+00:00,109915.6,110240.36,2.44262
Coinbase,BTC-USD,109985.21,2025-11-01 23:16:42.736150+00:00,109984.89,109985.21,1676.85000318
Coinbase,BTC-USD,109987.48,2025-11-01 23:16:42.842393+00:00,109985.67,109987.48,1676.85083318
Coinbase,BTC-USD,109986.0,2025-11-01 23:16:42.991396+00:00,109985.67,109986.0,1676.85290342
Binance,BTC-USD,110240.0,2025-11-01 23:16:42.972000+00:00,109915.63,110240.32,2.44262
Coinbase,BTC-USD,109985.68,2025-11-01 23:16:43.269069+00:00,109985.66,109985.68,1676.85346402
Binance,BTC-USD,110240.0,2025-11-01 23:16:44.028000+00:00,109915.63,110240.27,2.44262
Coinbase,BTC-USD,109985.68,2025-11-01 23:16:44.386809+00:00,109985.67,109985.68,1676.85390997
Coinbase,BTC-USD,109985.68,2025-11-01 23:16:44.479626+00:00,109985.67,109985.68,1676.85391671
Binance,BTC-USD,110240.0,2025-11-01 23:16:44.673000+00:00,109915.63,110240.26,2.44262
Coinbase,BTC-USD,109985.67,2025-11-01 23:16:45.641939+00:00,109985.67,109985.68,1676.85398753
Coinbase,BTC-USD,109985.67,2025-11-01 23:16:45.641939+00:00,109985.67,109985.68,1676.8640181
Binance,BTC-USD,110240.0,2025-11-01 23:16:45.875000+00:00,109915.64,110240.26,2.44262
Binance,BTC-USD,110240.0,2025-11-01 23:16:47.034000+00:00,109915.68,110240.23,2.44262
Coinbase,BTC-USD,109985.45,2025-11-01 23:16:47.230336+00:00,109985.44,109985.45,1676.8641981
Binance,BTC-USD,110240.0,2025-11-01 23:16:47.977000+00:00,109915.7,110240.2,2.44262
Coinbase,BTC-USD,109985.45,2025-11-01 23:16:48.387666+00:00,109985.43,109985.45,1676.86425428
Coinbase,BTC-USD,109985.45,2025-11-01 23:16:48.401863+00:00,109985.43,109985.45,1676.86453428
Coinbase,BTC-USD,109985.45,2025-11-01 23:16:48.577765+00:00,109985.43,109986.0,1676.89129443
Coinbase,BTC-USD,109986.0,2025-11-01 23:16:48.577765+00:00,109985.43,109986.0,1676.89597932
Binance,BTC-USD,110240.0,2025-11-01 23:16:48.982000+00:00,109915.7,110240.09,2.44262
Coinbase,BTC-USD,109985.44,2025-11-01 23:16:49.182826+00:00,109985.43,109985.44,1676.90481491
Binance,BTC-USD,110240.0,2025-11-01 23:16:49.878000+00:00,109915.7,110240.02,2.44262
Coinbase,BTC-USD,109985.44,2025-11-01 23:16:50.315530+00:00,109985.43,109985.44,1676.90527397
Coinbase,BTC-USD,109985.43,2025-11-01 23:16:50.315959+00:00,109985.43,109985.44,1676.90539349
Coinbase,BTC-USD,109985.44,2025-11-01 23:16:51.011936+00:00,109985.43,109985.45,1676.90580061
Coinbase,BTC-USD,109985.45,2025-11-01 23:16:51.011936+00:00,109985.43,109985.45,1676.90710349
Binance,BTC-USD,110240.0,2025-11-01 23:16:50.981000+00:00,109915.73,110239.96,2.44262
Coinbase,BTC-USD,109985.44,2025-11-01 23:16:51.998416+00:00,109985.43,109985.45,1676.90716617
Coinbase,BTC-USD,109985.43,2025-11-01 23:16:51.998416+00:00,109985.43,109985.45,1676.90720693
Coinbase,BTC-USD,109985.44,2025-11-01 23:16:52.009563+00:00,109985.43,109985.45,1676.90727045
Coinbase,BTC-USD,109985.43,2025-11-01 23:16:52.009563+00:00,109985.43,109985.45,1676.90773424
Binance,BTC-USD,110240.0,2025-11-01 23:16:51.257000+00:00,109915.74,110239.96,2.44262
Coinbase,BTC-USD,109985.44,2025-11-01 23:16:52.270779+00:00,109985.43,109985.45,1676.90779776
Coinbase,BTC-USD,109985.43,2025-11-01 23:16:52.270779+00:00,109984.14,109985.45,1676.93343667
Coinbase,BTC-USD,109984.14,2025-11-01 23:16:52.274883+00:00,109984.14,109985.44,1676.93353413
Coinbase,BTC-USD,109984.14,2025-11-01 23:16:52.274978+00:00,109984.03,109985.44,1677.00615787
Coinbase,BTC-USD,109984.03,2025-11-01 23:16:52.286250+00:00,109984.03,109984.04,1677.00619637
Coinbase,BTC-USD,109984.03,2025-11-01 23:16:52.286250+00:00,109981.95,109984.04,1677.07891757
Coinbase,BTC-USD,109981.95,2025-11-01 23:16:52.428299+00:00,109981.95,109981.96,1677.07897176
Coinbase,BTC-USD,109981.95,2025-11-01 23:16:52.428299+00:00,109981.95,109981.96,1677.07903546
Coinbase,BTC-USD,109981.95,2025-11-01 23:16:52.428299+00:00,109981.95,109981.96,1677.14317659
Coinbase,BTC-USD,109981.95,2025-11-01 23:16:52.433482+00:00,109977.0,109981.96,1677.14324004
Binance,BTC-USD,110240.0,2025-11-01 23:16:52.960000+00:00,109915.74,110239.96,2.44262
Bitstamp,BTC-USD,109987.0,2025-11-01 23:16:53+00:00,0.0,0.0,0.000135
Binance,BTC-USD,110240.0,2025-11-01 23:16:54.080000+00:00,109915.77,110239.87,2.44262
Coinbase,BTC-USD,109978.0,2025-11-01 23:16:54.154120+00:00,109977.99,109978.0,1677.14505135
Bitstamp,BTC-USD,109987.0,2025-11-01 23:16:54+00:00,0.0,0.0,9.015e-05
Coinbase,BTC-USD,109978.0,2025-11-01 23:16:54.937322+00:00,109977.99,109978.0,1677.1540762
Binance,BTC-USD,110240.0,2025-11-01 23:16:55.080000+00:00,109915.77,110239.91,2.44262
Coinbase,BTC-USD,109977.99,2025-11-01 23:16:55.278191+00:00,109977.99,109978.0,1677.15413984
Coinbase,BTC-USD,109977.99,2025-11-01 23:16:55.278191+00:00,109977.99,109978.0,1677.15591281
Binance,BTC-USD,110240.0,2025-11-01 23:16:55.836000+00:00,109915.79,110239.91,2.44262
Coinbase,BTC-USD,109978.0,2025-11-01 23:16:56.991931+00:00,109977.99,109978.0,1677.15716874
Binance,BTC-USD,110240.0,2025-11-01 23:16:56.996000+00:00,109915.79,110239.82,2.44262
Coinbase,BTC-USD,109978.0,2025-11-01 23:16:57.545176+00:00,109977.99,109978.0,1677.16105725
Binance,BTC-USD,110240.0,2025-11-01 23:16:57.523000+00:00,109915.8,110239.81,2.44262
Coinbase,BTC-USD,109979.73,2025-11-01 23:16:58.454793+00:00,109979.72,109979.73,1677.17193725
Coinbase,BTC-USD,109979.99,2025-11-01 23:16:58.700966+00:00,109979.72,109980.0,1677.17199808
Coinbase,BTC-USD,109979.72,2025-11-01 23:16:58.700966+00:00,109979.72,109980.0,1677.17267194
Coinbase,BTC-USD,109980.0,2025-11-01 23:16:59.037695+00:00,109979.99,109980.0,1677.17280129
Binance,BTC-USD,110240.0,2025-11-01 23:16:59.084000+00:00,109915.8,110239.73,2.44262
Coinbase,BTC-USD,109980.0,2025-11-01 23:16:59.142114+00:00,109979.99,109980.0,1677.17392239
Coinbase,BTC-USD,109979.99,2025-11-01 23:16:59.276580+00:00,109979.72,109980.0,1677.17398322
Coinbase,BTC-USD,109979.72,2025-11-01 23:16:59.276580+00:00,109979.72,109980.0,1677.17437054
Coinbase,BTC-USD,109980.0,2025-11-01 23:16:59.466299+00:00,109979.99,109980.0,1677.17652433
Bitstamp,BTC-USD,109987.0,2025-11-01 23:16:59+00:00,0.0,0.0,0.00180307
Binance,BTC-USD,110240.0,2025-11-01 23:16:59.984000+00:00,109915.82,110239.66,2.44262
Coinbase,BTC-USD,109980.0,2025-11-01 23:17:00.120909+00:00,109979.99,109980.0,1677.17679437
Binance,BTC-USD,110240.0,2025-11-01 23:17:01.086000+00:00,109915.84,110239.6,2.44262
Coinbase,BTC-USD,109981.5,2025-11-01 23:17:01.498329+00:00,109981.49,109981.5,1677.17728866
Coinbase,BTC-USD,109985.99,2025-11-01 23:17:02.016405+00:00,109985.98,109985.99,1677.18140866
Binance,BTC-USD,110240.0,2025-11-01 23:17:02.086000+00:00,109915.84,110239.59,2.44262
Coinbase,BTC-USD,109987.52,2025-11-01 23:17:02.224171+00:00,109987.51,109987.52,1677.1841937
Binance,BTC-USD,110240.0,2025-11-01 23:17:03.087000+00:00,109915.84,110239.47,2.44262
Coinbase,BTC-USD,109987.52,2025-11-01 23:17:03.163111+00:00,109987.51,109987.52,1677.18436618
Coinbase,BTC-USD,109987.52,2025-11-01 23:17:03.635474+00:00,109987.51,109987.52,1677.18526637
Bitstamp,BTC-USD,109987.0,2025-11-01 23:17:03+00:00,0.0,0.0,0.002
Binance,BTC-USD,110240.0,2025-11-01 23:17:03.887000+00:00,109915.86,110239.41,2.44262
Coinbase,BTC-USD,109987.51,2025-11-01 23:17:04.376264+00:00,109985.51,109987.52,1677.18532621
Coinbase,BTC-USD,109985.51,2025-11-01 23:17:04.376264+00:00,109984.83,109987.52,1677.18896313
Coinbase,BTC-USD,109984.83,2025-11-01 23:17:04.408992+00:00,109984.83,109984.84,1677.1890477
Coinbase,BTC-USD,109984.83,2025-11-01 23:17:04.408992+00:00,109982.0,109984.84,1677.18910742
Coinbase,BTC-USD,109982.01,2025-11-01 23:17:04.734568+00:00,109982.0,109982.01,1677.18963762
Binance,BTC-USD,110240.0,2025-11-01 23:17:05.089000+00:00,109915.86,110239.51,2.44262
Binance,BTC-USD,110240.0,2025-11-01 23:17:05.589000+00:00,109915.86,110239.45,2.44262
Coinbase,BTC-USD,109982.01,2025-11-01 23:17:06.325272+00:00,109982.0,109982.01,1677.18964367
Binance,BTC-USD,110240.0,2025-11-01 23:17:06.989000+00:00,109915.88,110239.45,2.44262
Coinbase,BTC-USD,109982.0,2025-11-01 23:17:07.401294+00:00,109982.0,109982.01,1677.19328059
Coinbase,BTC-USD,109982.0,2025-11-01 23:17:07.401294+00:00,109982.0,109982.01,1677.19331103
Coinbase,BTC-USD,109982.0,2025-11-01 23:17:07.401294+00:00,109977.92,109982.01,1677.19339397
Coinbase,BTC-USD,109977.01,2025-11-01 23:17:07.429909+00:00,109977.0,109977.01,1677.19412706
Coinbase,BTC-USD,109977.0,2025-11-01 23:17:07.567670+00:00,109977.0,109977.01,1677.19607578
Coinbase,BTC-USD,109977.0,2025-11-01 23:17:07.567670+00:00,109976.96,109977.01,1677.20107578
Coinbase,BTC-USD,109976.96,2025-11-01 23:17:07.567670+00:00,109976.06,109977.01,1677.20107832
Coinbase,BTC-USD,109976.06,2025-11-01 23:17:07.567670+00:00,109973.45,109977.01,1677.20315158
Coinbase,BTC-USD,109973.45,2025-11-01 23:17:07.567921+00:00,109973.04,109977.01,1677.20815158
Binance,BTC-USD,110240.0,2025-11-01 23:17:07.990000+00:00,109915.77,110239.41,2.44262
Binance,BTC-USD,110240.0,2025-11-01 23:17:09.091000+00:00,109915.8,110239.33,2.44262
Coinbase,BTC-USD,109973.05,2025-11-01 23:17:09.211108+00:00,109973.04,109973.05,1677.20820894
Bitstamp,BTC-USD,109980.0,2025-11-01 23:17:09+00:00,0.0,0.0,0.0103595
Coinbase,BTC-USD,109973.04,2025-11-01 23:17:09.750685+00:00,109973.04,109973.05,1677.20829198
Coinbase,BTC-USD,109973.04,2025-11-01 23:17:09.750685+00:00,109973.04,109973.05,1677.2083529
Coinbase,BTC-USD,109973.04,2025-11-01 23:17:09.750685+00:00,109973.04,109973.05,1677.20843853
Binance,BTC-USD,110240.0,2025-11-01 23:17:09.991000+00:00,109915.8,110239.27,2.44262
Coinbase,BTC-USD,109973.04,2025-11-01 23:17:10.945029+00:00,109973.04,109973.05,1677.21199
Coinbase,BTC-USD,109973.04,2025-11-01 23:17:10.945029+00:00,109973.04,109973.05,1677.212005
Coinbase,BTC-USD,109973.04,2025-11-01 23:17:10.945029+00:00,109970.95,109973.05,1677.21208055
Coinbase,BTC-USD,109970.95,2025-11-01 23:17:10.945029+00:00,109970.85,109973.05,1677.21242146
Coinbase,BTC-USD,109970.85,2025-11-01 23:17:10.945029+00:00,109970.79,109973.05,1677.21243246
Coinbase,BTC-USD,109970.79,2025-11-01 23:17:10.945029+00:00,109969.45,109973.05,1677.21985846
Coinbase,BTC-USD,109969.45,2025-11-01 23:17:10.945029+00:00,109969.45,109973.05,1677.22344175
Binance,BTC-USD,110240.0,2025-11-01 23:17:11.094000+00:00,109915.82,110239.21,2.44262
Binance,BTC-USD,110240.0,2025-11-01 23:17:12.125000+00:00,109915.82,110239.16,2.44262
Coinbase,BTC-USD,109969.46,2025-11-01 23:17:12.784122+00:00,109969.45,109969.46,1677.23227792
Binance,BTC-USD,110240.0,2025-11-01 23:17:12.694000+00:00,109915.82,110239.2,2.44262
Coinbase,BTC-USD,109970.0,2025-11-01 23:17:13.492049+00:00,109969.99,109970.0,1677.23249883
Coinbase,BTC-USD,109970.0,2025-11-01 23:17:13.556328+00:00,109969.99,109970.0,1677.23251207
Coinbase,BTC-USD,109970.0,2025-11-01 23:17:13.670364+00:00,109969.99,109970.0,1677.23704673
Binance,BTC-USD,110240.0,2025-11-01 23:17:14.095000+00:00,109915.84,110239.14,2.44262
Coinbase,BTC-USD,109969.99,2025-11-01 23:17:14.186845+00:00,109966.08,109970.0,1677.23713024
Coinbase,BTC-USD,109966.08,2025-11-01 23:17:14.186845+00:00,109966.08,109970.0,1677.23767118
Coinbase,BTC-USD,109966.09,2025-11-01 23:17:14.346186+00:00,109966.08,109966.09,1677.23784789
Coinbase,BTC-USD,109966.09,2025-11-01 23:17:14.826810+00:00,109966.08,109966.09,1677.23873155
Coinbase,BTC-USD,109966.09,2025-11-01 23:17:15.070034+00:00,109966.08,109966.09,1677.2387473
Binance,BTC-USD,110240.0,2025-11-01 23:17:15.131000+00:00,109915.84,110239.13,2.44262
Coinbase,BTC-USD,109966.09,2025-11-01 23:17:15.666820+00:00,109966.08,109966.09,1677.23892401
Coinbase,BTC-USD,109966.09,2025-11-01 23:17:15.739219+00:00,109966.08,109966.09,1677.23913401
Coinbase,BTC-USD,109966.09,2025-11-01 23:17:16.098861+00:00,109966.08,109966.09,1677.23979677
Binance,BTC-USD,110240.0,2025-11-01 23:17:16.096000+00:00,109915.86,110239.14,2.44262
Coinbase,BTC-USD,109966.09,2025-11-01 23:17:16.224947+00:00,109966.08,109966.09,1677.24047194
Coinbase,BTC-USD,109966.09,2025-11-01 23:17:16.260201+00:00,109966.08,109966.09,1677.24058222
Coinbase,BTC-USD,109966.09,2025-11-01 23:17:16.609420+00:00,109966.08,109966.09,1677.24080313
Coinbase,BTC-USD,109966.09,2025-11-01 23:17:16.693724+00:00,109966.08,109966.09,1677.2408325
Coinbase,BTC-USD,109966.09,2025-11-01 23:17:16.693724+00:00,109966.08,109966.09,1677.24089296
Coinbase,BTC-USD,109966.09,2025-11-01 23:17:16.830262+00:00,109966.08,109966.09,1677.24098073
Coinbase,BTC-USD,109966.09,2025-11-01 23:17:16.992612+00:00,109966.08,109966.09,1677.2410685
Binance,BTC-USD,110240.0,2025-11-01 23:17:17.097000+00:00,109915.88,110239.12,2.44262
Coinbase,BTC-USD,109966.09,2025-11-01 23:17:17.425885+00:00,109966.08,109966.09,1677.24115627
Coinbase,BTC-USD,109966.08,2025-11-01 23:17:17.489244+00:00,109965.44,109966.09,1677.24123879
Coinbase,BTC-USD,109965.44,2025-11-01 23:17:17.489244+00:00,109964.8,109966.09,1677.25124125
Coinbase,BTC-USD,109964.8,2025-11-01 23:17:17.576107+00:00,109964.8,109964.81,1677.25125225
Coinbase,BTC-USD,109964.8,2025-11-01 23:17:17.576107+00:00,109964.6,109964.81,1677.2513377
Coinbase,BTC-USD,109964.6,2025-11-01 23:17:17.576107+00:00,109964.6,109964.81,1677.25301478
Coinbase,BTC-USD,109964.6,2025-11-01 23:17:17.576107+00:00,109964.6,109964.81,1677.2563377
Coinbase,BTC-USD,109964.6,2025-11-01 23:17:17.576107+00:00,109964.16,109964.81,1677.26134016
Coinbase,BTC-USD,109964.16,2025-11-01 23:17:17.576107+00:00,109962.09,109964.81,1677.26380554
Coinbase,BTC-USD,109962.57,2025-11-01 23:17:17.584201+00:00,109962.09,109962.57,1677.26813554
Coinbase,BTC-USD,109962.09,2025-11-01 23:17:17.588593+00:00,109960.95,109962.1,1677.29877329
Coinbase,BTC-USD,109960.95,2025-11-01 23:17:17.607272+00:00,109960.94,109960.96,1677.30377558
Coinbase,BTC-USD,109960.94,2025-11-01 23:17:17.607272+00:00,109959.21,109960.96,1677.30641446
Coinbase,BTC-USD,109960.95,2025-11-01 23:17:17.611394+00:00,109959.21,109960.96,1677.3065019
Coinbase,BTC-USD,109959.22,2025-11-01 23:17:17.631995+00:00,109959.21,109959.22,1677.30667861
Coinbase,BTC-USD,109959.21,2025-11-01 23:17:17.733714+00:00,109959.21,109959.22,1677.31042203
Coinbase,BTC-USD,109959.23,2025-11-01 23:17:17.880496+00:00,109959.22,109959.23,1677.31271948
Coinbase,BTC-USD,109959.23,2025-11-01 23:17:17.894616+00:00,109959.22,109959.23,1677.31289196
Coinbase,BTC-USD,109959.23,2025-11-01 23:17:17.904875+00:00,109959.22,109959.23,1677.3129782
Coinbase,BTC-USD,109959.23,2025-11-01 23:17:17.906088+00:00,109959.22,109959.23,1677.31386186
Coinbase,BTC-USD,109959.23,2025-11-01 23:17:18.059329+00:00,109959.22,109959.23,1677.31394963
Binance,BTC-USD,110240.0,2025-11-01 23:17:17.997000+00:00,109915.9,110239.06,2.44262
Coinbase,BTC-USD,109959.23,2025-11-01 23:17:18.195230+00:00,109959.22,109959.23,1677.32257446
Coinbase,BTC-USD,109959.23,2025-11-01 23:17:18.214915+00:00,109959.22,109959.23,1677.323092
Coinbase,BTC-USD,109959.23,2025-11-01 23:17:18.231854+00:00,109959.22,109959.23,1677.3233076
Coinbase,BTC-USD,109959.23,2025-11-01 23:17:18.285838+00:00,109959.22,109959.23,1677.32375771
Coinbase,BTC-USD,109959.23,2025-11-01 23:17:18.443402+00:00,109959.22,109959.23,1677.32419955
Coinbase,BTC-USD,109959.23,2025-11-01 23:17:18.905278+00:00,109959.22,109959.23,1677.32429826
Coinbase,BTC-USD,109959.23,2025-11-01 23:17:18.905278+00:00,109959.22,109959.23,1677.32442046
Coinbase,BTC-USD,109959.23,2025-11-01 23:17:19.007431+00:00,109959.22,109959.23,1677.32502424
Coinbase,BTC-USD,109959.23,2025-11-01 23:17:19.075651+00:00,109959.22,109959.23,1677.3259079
Binance,BTC-USD,110240.0,2025-11-01 23:17:18.999000+00:00,109915.9,110239.01,2.44262
Coinbase,BTC-USD,109959.23,2025-11-01 23:17:19.169392+00:00,109959.22,109959.23,1677.32635802
Coinbase,BTC-USD,109959.23,2025-11-01 23:17:19.183380+00:00,109959.22,109959.23,1677.32647704
Coinbase,BTC-USD,109959.23,2025-11-01 23:17:19.183380+00:00,109959.22,109959.23,1677.32669695
Coinbase,BTC-USD,109959.23,2025-11-01 23:17:19.356372+00:00,109959.22,109959.23,1677.32678472
Coinbase,BTC-USD,109959.23,2025-11-01 23:17:19.564204+00:00,109959.22,109959.23,1677.32696144
Coinbase,BTC-USD,109959.23,2025-11-01 23:17:19.651953+00:00,109959.22,109959.23,1677.32740328
Coinbase,BTC-USD,109959.23,2025-11-01 23:17:19.833020+00:00,109959.22,109959.23,1677.32758333
Coinbase,BTC-USD,109959.3,2025-11-01 23:17:20.043314+00:00,109959.29,109959.3,1677.32846702
Binance,BTC-USD,110240.0,2025-11-01 23:17:20.099000+00:00,109915.9,110239.05,2.44262
Coinbase,BTC-USD,109959.3,2025-11-01 23:17:20.193587+00:00,109959.29,109959.3,1677.32935071
Coinbase,BTC-USD,109959.29,2025-11-01 23:17:20.506073+00:00,109959.22,109959.3,1677.32943672
Coinbase,BTC-USD,109959.22,2025-11-01 23:17:20.506073+00:00,109958.75,109959.3,1677.3294389
Coinbase,BTC-USD,109958.75,2025-11-01 23:17:20.506073+00:00,109956.17,109959.3,1677.3294499
Coinbase,BTC-USD,109956.17,2025-11-01 23:17:20.506073+00:00,109956.17,109959.3,1677.32945945
Coinbase,BTC-USD,109958.0,2025-11-01 23:17:20.921315+00:00,109957.99,109958.0,1677.32959196
Coinbase,BTC-USD,109958.0,2025-11-01 23:17:21.004883+00:00,109957.99,109958.0,1677.33004208
Coinbase,BTC-USD,109958.0,2025-11-01 23:17:21.114335+00:00,109957.99,109958.0,1677.33026633
Binance,BTC-USD,110240.0,2025-11-01 23:17:20.589000+00:00,109915.9,110239.03,2.44262
Coinbase,BTC-USD,109958.0,2025-11-01 23:17:21.908552+00:00,109957.99,109958.0,1677.33112886
Coinbase,BTC-USD,109958.0,2025-11-01 23:17:21.946927+00:00,109957.99,109958.0,1677.33121888
Coinbase,BTC-USD,109958.0,2025-11-01 23:17:22.006146+00:00,109957.99,109958.0,1677.33210257
Binance,BTC-USD,110240.0,2025-11-01 23:17:22.164000+00:00,109915.92,110238.97,2.44262
Coinbase,BTC-USD,109958.0,2025-11-01 23:17:22.245548+00:00,109957.99,109958.0,1677.3321926
Coinbase,BTC-USD,109958.0,2025-11-01 23:17:22.536194+00:00,109957.99,109958.0,1677.33228262
Coinbase,BTC-USD,109958.0,2025-11-01 23:17:23.050521+00:00,109957.99,109958.0,1677.33573265
Binance,BTC-USD,110240.0,2025-11-01 23:17:22.901000+00:00,109915.93,110238.97,2.44262
Coinbase,BTC-USD,109958.0,2025-11-01 23:17:23.520240+00:00,109957.99,109958.0,1677.33599138
Coinbase,BTC-USD,109958.0,2025-11-01 23:17:23.612934+00:00,109957.99,109958.0,1677.33603656
Coinbase,BTC-USD,109958.0,2025-11-01 23:17:24.043582+00:00,109957.99,109958.0,1677.3364784
Coinbase,BTC-USD,109958.0,2025-11-01 23:17:24.093238+00:00,109957.99,109958.0,1677.33669402
Binance,BTC-USD,110240.0,2025-11-01 23:17:24.180000+00:00,109915.93,110238.9,2.44262
Coinbase,BTC-USD,109958.0,2025-11-01 23:17:24.425525+00:00,109957.99,109958.0,1677.33669825
Coinbase,BTC-USD,109958.0,2025-11-01 23:17:24.969417+00:00,109957.99,109958.0,1677.33747456
Binance,BTC-USD,110240.0,2025-11-01 23:17:25.103000+00:00,109915.93,110238.83,2.44262
Coinbase,BTC-USD,109958.0,2025-11-01 23:17:25.676909+00:00,109957.99,109958.0,1677.339275
Binance,BTC-USD,110240.0,2025-11-01 23:17:26.142000+00:00,109915.95,110238.76,2.44262
Coinbase,BTC-USD,109958.0,2025-11-01 23:17:27.009528+00:00,109957.99,109958.0,1677.33928087
Binance,BTC-USD,110240.0,2025-11-01 23:17:27.109000+00:00,109915.99,110238.66,2.44262
Coinbase,BTC-USD,109958.0,2025-11-01 23:17:27.219800+00:00,109957.99,109958.0,1677.34014343
Coinbase,BTC-USD,109958.0,2025-11-01 23:17:27.250146+00:00,109957.99,109958.0,1677.34015216
Coinbase,BTC-USD,109958.0,2025-11-01 23:17:27.330640+00:00,109957.99,109958.0,1677.34020618
Binance,BTC-USD,110240.0,2025-11-01 23:17:28.105000+00:00,109916.01,110238.59,2.44262
Bitstamp,BTC-USD,109958.0,2025-11-01 23:17:29+00:00,0.0,0.0,0.00019
Coinbase,BTC-USD,109958.0,2025-11-01 23:17:29.173526+00:00,109957.99,109958.0,1677.34039618
Binance,BTC-USD,110240.0,2025-11-01 23:17:28.405000+00:00,109916.01,110238.65,2.44262
Coinbase,BTC-USD,109958.0,2025-11-01 23:17:29.995217+00:00,109957.99,109958.0,1677.34129652
Binance,BTC-USD,110240.0,2025-11-01 23:17:29.506000+00:00,109916.01,110238.61,2.44262
Coinbase,BTC-USD,109958.0,2025-11-01 23:17:30.304106+00:00,109957.99,109958.0,1677.34147323
Coinbase,BTC-USD,109957.99,2025-11-01 23:17:30.326503+00:00,109957.99,109958.0,1677.34155166
Coinbase,BTC-USD,109957.99,2025-11-01 23:17:30.326503+00:00,109957.99,109958.0,1677.34155284
Coinbase,BTC-USD,109957.99,2025-11-01 23:17:30.326503+00:00,109955.52,109958.0,1677.34157799
Coinbase,BTC-USD,109955.52,2025-11-01 23:17:30.326503+00:00,109955.52,109958.0,1677.34161874
Coinbase,BTC-USD,109955.53,2025-11-01 23:17:31.095066+00:00,109955.52,109955.53,1677.34178874
Coinbase,BTC-USD,109955.53,2025-11-01 23:17:31.192539+00:00,109955.52,109955.53,1677.3423149
Binance,BTC-USD,110240.0,2025-11-01 23:17:31.008000+00:00,109916.03,110238.59,2.44262
Coinbase,BTC-USD,109955.53,2025-11-01 23:17:31.881073+00:00,109955.52,109955.53,1677.34317752
Coinbase,BTC-USD,109955.52,2025-11-01 23:17:31.938655+00:00,109955.52,109955.53,1677.34317786
Binance,BTC-USD,110240.0,2025-11-01 23:17:32.215000+00:00,109916.04,110238.55,2.44262
Coinbase,BTC-USD,109955.53,2025-11-01 23:17:32.465297+00:00,109955.52,109955.53,1677.34351786
Binance,BTC-USD,110240.0,2025-11-01 23:17:33.209000+00:00,109916.05,110238.51,2.44262
Coinbase,BTC-USD,109955.53,2025-11-01 23:17:33.447479+00:00,109955.52,109955.53,1677.34380354
Binance,BTC-USD,110240.0,2025-11-01 23:17:34.109000+00:00,109916.05,110238.41,2.44262
Binance,BTC-USD,110240.0,2025-11-01 23:17:35.215000+00:00,109916.07,110238.48,2.44262
Coinbase,BTC-USD,109955.52,2025-11-01 23:17:35.779203+00:00,109955.52,109955.53,1677.34388072
Coinbase,BTC-USD,109955.52,2025-11-01 23:17:35.779203+00:00,109955.52,109955.53,1677.34388199
Coinbase,BTC-USD,109955.52,2025-11-01 23:17:35.779203+00:00,109955.52,109955.53,1677.34407911
Binance,BTC-USD,110240.0,2025-11-01 23:17:36.012000+00:00,109916.07,110238.44,2.44262
Coinbase,BTC-USD,109955.53,2025-11-01 23:17:36.753174+00:00,109955.52,109955.53,1677.34452929
Coinbase,BTC-USD,109955.53,2025-11-01 23:17:37.060299+00:00,109955.52,109955.53,1677.3445563
Coinbase,BTC-USD,109955.53,2025-11-01 23:17:37.064735+00:00,109955.52,109955.53,1677.34464634
Coinbase,BTC-USD,109955.53,2025-11-01 23:17:37.223297+00:00,109955.52,109955.53,1677.34487143
Binance,BTC-USD,110240.0,2025-11-01 23:17:37.112000+00:00,109916.07,110238.44,2.44262
Binance,BTC-USD,110240.0,2025-11-01 23:17:38.215000+00:00,109916.08,110238.39,2.44262
Coinbase,BTC-USD,109955.53,2025-11-01 23:17:38.554303+00:00,109955.52,109956.14,1677.34709132
Coinbase,BTC-USD,109956.14,2025-11-01 23:17:38.554303+00:00,109955.52,109956.14,1677.35436006
Binance,BTC-USD,110240.0,2025-11-01 23:17:39.113000+00:00,109916.11,110238.35,2.44262
Coinbase,BTC-USD,109957.25,2025-11-01 23:17:39.305116+00:00,109957.24,109957.25,1677.35838006
Binance,BTC-USD,110240.0,2025-11-01 23:17:40.114000+00:00,109916.11,110238.29,2.44262
Coinbase,BTC-USD,109957.25,2025-11-01 23:17:40.384203+00:00,109957.24,109957.25,1677.35879414
Coinbase,BTC-USD,109957.25,2025-11-01 23:17:40.762297+00:00,109957.24,109957.25,1677.36056173
Binance,BTC-USD,110240.0,2025-11-01 23:17:41.227000+00:00,109916.14,110238.28,2.44262
Coinbase,BTC-USD,109957.25,2025-11-01 23:17:42.181851+00:00,109957.24,109957.25,1677.60540527
Binance,BTC-USD,110240.0,2025-11-01 23:17:41.615000+00:00,109916.15,110238.24,2.44262
Coinbase,BTC-USD,109957.24,2025-11-01 23:17:42.796176+00:00,109955.52,109957.25,1677.60549531
Coinbase,BTC-USD,109955.52,2025-11-01 23:17:42.796176+00:00,109955.52,109957.25,1677.60555815
Coinbase,BTC-USD,109955.52,2025-11-01 23:17:42.796176+00:00,109954.99,109957.25,1677.60555942
Coinbase,BTC-USD,109954.99,2025-11-01 23:17:42.796222+00:00,109954.69,109957.25,1677.60791954
Coinbase,BTC-USD,109954.69,2025-11-01 23:17:42.796222+00:00,109952.7,109957.25,1677.60882859
Coinbase,BTC-USD,109952.7,2025-11-01 23:17:43.178492+00:00,109952.7,109952.71,1677.60883959
Coinbase,BTC-USD,109952.7,2025-11-01 23:17:43.178492+00:00,109952.7,109952.71,1677.62649665
Coinbase,BTC-USD,109952.71,2025-11-01 23:17:43.219296+00:00,109952.7,109952.71,1677.62904665
Binance,BTC-USD,110240.0,2025-11-01 23:17:43.216000+00:00,109916.16,110238.22,2.44262
Coinbase,BTC-USD,109952.71,2025-11-01 23:17:43.338223+00:00,109952.7,109952.71,1677.63120315
Binance,BTC-USD,110240.0,2025-11-01 23:17:44.230000+00:00,109916.17,110238.15,2.44262
Binance,BTC-USD,110240.0,2025-11-01 23:17:45.018000+00:00,109916.17,110238.13,2.44262
Coinbase,BTC-USD,109952.71,2025-11-01 23:17:45.689427+00:00,109952.7,109952.71,1677.63379107
Bitstamp,BTC-USD,109958.0,2025-11-01 23:17:46+00:00,0.0,0.0,0.00076159
Binance,BTC-USD,110240.0,2025-11-01 23:17:46.218000+00:00,109916.17,110238.11,2.44262
Coinbase,BTC-USD,109952.71,2025-11-01 23:17:46.466031+00:00,109952.7,109952.71,1677.63550728
Bitstamp,BTC-USD,109958.0,2025-11-01 23:17:47+00:00,0.0,0.0,0.00360709
Binance,BTC-USD,110240.0,2025-11-01 23:17:47.300000+00:00,109916.18,110238.04,2.44262
Coinbase,BTC-USD,109953.04,2025-11-01 23:17:47.426608+00:00,109953.03,109953.04,1677.63597564
Coinbase,BTC-USD,109953.04,2025-11-01 23:17:48.070478+00:00,109953.03,109953.04,1677.63598068
Binance,BTC-USD,110240.0,2025-11-01 23:17:48.219000+00:00,109916.18,110237.97,2.44262
Coinbase,BTC-USD,109956.86,2025-11-01 23:17:48.878378+00:00,109956.85,109956.86,1677.63645068
Binance,BTC-USD,110240.0,2025-11-01 23:17:48.618000+00:00,109916.19,110237.98,2.44262
Coinbase,BTC-USD,109956.86,2025-11-01 23:17:49.774463+00:00,109956.85,109956.86,1677.63648246
Binance,BTC-USD,110240.0,2025-11-01 23:17:50.303000+00:00,109916.19,110237.95,2.44262
Binance,BTC-USD,110240.0,2025-11-01 23:17:50.921000+00:00,109916.19,110237.94,2.44262
Coinbase,BTC-USD,109956.86,2025-11-01 23:17:51.703562+00:00,109956.85,109956.86,1677.63676527
Coinbase,BTC-USD,109956.85,2025-11-01 23:17:52.214651+00:00,109955.81,109956.86,1677.63684128
Coinbase,BTC-USD,109955.81,2025-11-01 23:17:52.214651+00:00,109955.81,109956.86,1677.63690173
Binance,BTC-USD,110240.0,2025-11-01 23:17:52.226000+00:00,109916.2,110237.9,2.44262
Coinbase,BTC-USD,109956.86,2025-11-01 23:17:52.508737+00:00,109956.85,109956.86,1677.6459056
Coinbase,BTC-USD,109956.85,2025-11-01 23:17:52.872367+00:00,109956.85,109956.86,1677.64597326
Binance,BTC-USD,110240.0,2025-11-01 23:17:53.309000+00:00,109916.25,110237.87,2.44262
Coinbase,BTC-USD,109956.86,2025-11-01 23:17:54.216018+00:00,109956.85,109956.86,1677.64597463
Binance,BTC-USD,110240.0,2025-11-01 23:17:53.924000+00:00,109916.25,110237.84,2.44262
Coinbase,BTC-USD,109956.86,2025-11-01 23:17:54.500590+00:00,109956.85,109956.86,1677.64598868
Binance,BTC-USD,110240.0,2025-11-01 23:17:55.225000+00:00,109916.25,110237.82,2.44262
Binance,BTC-USD,110240.0,2025-11-01 23:17:56.326000+00:00,109916.25,110237.79,2.44262
Binance,BTC-USD,110240.0,2025-11-01 23:17:57.073000+00:00,109916.27,110237.73,2.44262
Coinbase,BTC-USD,109956.86,2025-11-01 23:17:57.845548+00:00,109956.85,109956.86,1677.64617848
Binance,BTC-USD,110240.0,2025-11-01 23:17:57.343000+00:00,109916.27,110237.73,2.44262
Coinbase,BTC-USD,109956.85,2025-11-01 23:17:58.428630+00:00,109956.85,109956.86,1677.6462202
Coinbase,BTC-USD,109956.85,2025-11-01 23:17:58.428630+00:00,109956.85,109956.86,1677.64623327
Binance,BTC-USD,110240.0,2025-11-01 23:17:59.329000+00:00,109916.27,110237.71,2.44262
Coinbase,BTC-USD,109956.86,2025-11-01 23:18:00.011515+00:00,109956.85,109956.86,1677.64641514
Coinbase,BTC-USD,109956.86,2025-11-01 23:18:00.011515+00:00,109956.85,109956.86,1677.64676358
Binance,BTC-USD,110240.0,2025-11-01 23:18:00.230000+00:00,109916.27,110237.67,2.44262
Coinbase,BTC-USD,109956.86,2025-11-01 23:18:00.553113+00:00,109956.85,109956.86,1677.64692922
Binance,BTC-USD,110240.0,2025-11-01 23:18:01.334000+00:00,109916.29,110237.65,2.44262
Binance,BTC-USD,110240.0,2025-11-01 23:18:02.332000+00:00,109916.31,110237.59,2.44262
Coinbase,BTC-USD,109956.86,2025-11-01 23:18:03.179857+00:00,109956.85,109956.86,1677.64723516
Binance,BTC-USD,110240.0,2025-11-01 23:18:02.931000+00:00,109916.31,110237.59,2.44262
Coinbase,BTC-USD,109956.85,2025-11-01 23:18:03.457406+00:00,109954.52,109956.86,1677.6473251
Coinbase,BTC-USD,109954.52,2025-11-01 23:18:03.457406+00:00,109954.52,109956.86,1677.64751073
Coinbase,BTC-USD,109956.86,2025-11-01 23:18:03.647372+00:00,109956.85,109956.86,1677.64858899
Coinbase,BTC-USD,109956.85,2025-11-01 23:18:03.992600+00:00,109956.12,109956.86,1677.64867859
Coinbase,BTC-USD,109956.12,2025-11-01 23:18:03.992600+00:00,109956.12,109956.86,1677.6487727
Coinbase,BTC-USD,109956.85,2025-11-01 23:18:04.335061+00:00,109956.12,109956.86,1677.64886285
Coinbase,BTC-USD,109956.12,2025-11-01 23:18:04.335061+00:00,109956.12,109956.86,1677.66696165
Binance,BTC-USD,110240.0,2025-11-01 23:18:04.352000+00:00,109916.3,110237.58,2.44262
Binance,BTC-USD,110240.0,2025-11-01 23:18:05.333000+00:00,109916.29,110237.55,2.44262
Coinbase,BTC-USD,109956.86,2025-11-01 23:18:05.421931+00:00,109956.85,109956.86,1677.66797165
Binance,BTC-USD,110240.0,2025-11-01 23:18:06.032000+00:00,109916.25,110237.53,2.44262
Coinbase,BTC-USD,109956.86,2025-11-01 23:18:07.259970+00:00,109956.85,109956.86,1677.66814416
Binance,BTC-USD,110240.0,2025-11-01 23:18:07.333000+00:00,109916.25,110237.52,2.44262
Binance,BTC-USD,110240.0,2025-11-01 23:18:08.329000+00:00,109916.25,110237.46,2.44262
Coinbase,BTC-USD,109956.85,2025-11-01 23:18:08.633696+00:00,109956.85,109956.86,1677.66834478
Binance,BTC-USD,110240.0,2025-11-01 23:18:08.714000+00:00,109916.25,110237.45,2.44262
Coinbase,BTC-USD,109957.25,2025-11-01 23:18:09.613965+00:00,109957.24,109957.25,1677.66873292
Coinbase,BTC-USD,109957.24,2025-11-01 23:18:10.130257+00:00,109957.24,109957.25,1677.66900575
Binance,BTC-USD,110240.0,2025-11-01 23:18:10.137000+00:00,109916.29,110237.41,2.44262
Coinbase,BTC-USD,109957.24,2025-11-01 23:18:11.170760+00:00,109957.24,109957.25,1677.66944273
Binance,BTC-USD,110240.0,2025-11-01 23:18:11.332000+00:00,109916.29,110237.4,2.44262
Coinbase,BTC-USD,109957.25,2025-11-01 23:18:12.162863+00:00,109957.24,109957.25,1677.66953263
Coinbase,BTC-USD,109957.25,2025-11-01 23:18:12.211484+00:00,109957.24,109957.25,1677.66953272
Binance,BTC-USD,110240.0,2025-11-01 23:18:12.237000+00:00,109916.29,110237.37,2.44262
Binance,BTC-USD,110240.0,2025-11-01 23:18:13.238000+00:00,109916.31,110237.35,2.44262
Coinbase,BTC-USD,109957.25,2025-11-01 23:18:13.576370+00:00,109957.24,109958.02,1677.66978992
Coinbase,BTC-USD,109958.02,2025-11-01 23:18:13.576370+00:00,109957.24,109958.03,1677.66979989
Coinbase,BTC-USD,109958.03,2025-11-01 23:18:13.576370+00:00,109957.24,109958.03,1677.66991231
Binance,BTC-USD,110240.0,2025-11-01 23:18:14.335000+00:00,109916.33,110237.34,2.44262
Coinbase,BTC-USD,109958.0,2025-11-01 23:18:14.422497+00:00,109958.0,109958.01,1677.66994868
Bitstamp,BTC-USD,109958.0,2025-11-01 23:18:14+00:00,0.0,0.0,0.000133
Coinbase,BTC-USD,109958.38,2025-11-01 23:18:14.954293+00:00,109958.38,109958.39,1677.66996935
Coinbase,BTC-USD,109958.39,2025-11-01 23:18:14.971474+00:00,109958.38,109958.39,1677.66997268
Coinbase,BTC-USD,109958.39,2025-11-01 23:18:15.345815+00:00,109958.38,109961.27,1677.67015122
Coinbase,BTC-USD,109961.27,2025-11-01 23:18:15.345815+00:00,109958.38,109961.28,1677.67036071
Coinbase,BTC-USD,109961.28,2025-11-01 23:18:15.345815+00:00,109958.38,109961.28,1677.67100782
Binance,BTC-USD,110240.0,2025-11-01 23:18:15.240000+00:00,109916.33,110237.31,2.44262
Coinbase,BTC-USD,109961.27,2025-11-01 23:18:15.478243+00:00,109961.27,109961.28,1677.67116541
Coinbase,BTC-USD,109964.84,2025-11-01 23:18:15.782725+00:00,109964.84,109964.85,1677.67117459
Coinbase,BTC-USD,109963.1,2025-11-01 23:18:16.215117+00:00,109963.09,109963.1,1677.67160586
Coinbase,BTC-USD,109963.1,2025-11-01 23:18:16.270791+00:00,109963.09,109963.1,1677.68415561
Binance,BTC-USD,110240.0,2025-11-01 23:18:16.365000+00:00,109916.33,110237.26,2.44262
Coinbase,BTC-USD,109963.1,2025-11-01 23:18:16.444454+00:00,109963.09,109963.1,1677.68432812
Coinbase,BTC-USD,109962.56,2025-11-01 23:18:17.340123+00:00,109962.54,109962.56,1677.68433487
Binance,BTC-USD,110240.0,2025-11-01 23:18:17.340000+00:00,109916.34,110237.24,2.44262
Coinbase,BTC-USD,109962.56,2025-11-01 23:18:17.719987+00:00,109962.54,109962.56,1677.68521865
Coinbase,BTC-USD,109962.55,2025-11-01 23:18:18.085001+00:00,109962.54,109962.56,1677.68523406
Coinbase,BTC-USD,109962.56,2025-11-01 23:18:18.085001+00:00,109962.54,109962.56,1677.68531355
Coinbase,BTC-USD,109962.55,2025-11-01 23:18:18.162058+00:00,109962.54,109962.56,1677.68532896
Coinbase,BTC-USD,109962.56,2025-11-01 23:18:18.162058+00:00,109962.54,109962.56,1677.68575544
Coinbase,BTC-USD,109962.55,2025-11-01 23:18:18.353387+00:00,109962.54,109962.56,1677.68577085
Coinbase,BTC-USD,109962.56,2025-11-01 23:18:18.353387+00:00,109962.54,109962.56,1677.68619733
Binance,BTC-USD,110240.0,2025-11-01 23:18:18.398000+00:00,109916.35,110237.21,2.44262
Coinbase,BTC-USD,109962.55,2025-11-01 23:18:18.942214+00:00,109962.54,109962.55,1677.68621545
Coinbase,BTC-USD,109962.55,2025-11-01 23:18:18.942214+00:00,109962.54,109962.56,1677.68624969
Coinbase,BTC-USD,109962.56,2025-11-01 23:18:18.942214+00:00,109962.54,109962.56,1677.68637407
Coinbase,BTC-USD,109962.56,2025-11-01 23:18:19.235169+00:00,109962.55,109963.09,1677.68644254
Coinbase,BTC-USD,109963.09,2025-11-01 23:18:19.235169+00:00,109962.55,109963.09,1677.68887553
Binance,BTC-USD,110240.0,2025-11-01 23:18:19.364000+00:00,109916.38,110237.14,2.44262
Coinbase,BTC-USD,109965.36,2025-11-01 23:18:19.672711+00:00,109963.82,109965.36,1677.69022601
Coinbase,BTC-USD,109965.38,2025-11-01 23:18:19.744039+00:00,109963.83,109965.38,1677.69027103
Coinbase,BTC-USD,109963.84,2025-11-01 23:18:20.056250+00:00,109963.83,109965.38,1677.69028864
Coinbase,BTC-USD,109965.38,2025-11-01 23:18:20.056250+00:00,109963.83,109965.38,1677.69044777
Coinbase,BTC-USD,109963.85,2025-11-01 23:18:20.140951+00:00,109963.84,109965.37,1677.69046527
Coinbase,BTC-USD,109965.37,2025-11-01 23:18:20.140951+00:00,109963.84,109965.37,1677.69066872
Coinbase,BTC-USD,109963.83,2025-11-01 23:18:20.164737+00:00,109963.83,109965.37,1677.69077158
Binance,BTC-USD,110240.0,2025-11-01 23:18:20.345000+00:00,109916.38,110237.08,2.44262
Coinbase,BTC-USD,109963.84,2025-11-01 23:18:20.638850+00:00,109963.83,109964.83,1677.69078908
Coinbase,BTC-USD,109964.83,2025-11-01 23:18:20.638850+00:00,109963.83,109964.83,1677.69085936
Coinbase,BTC-USD,109965.38,2025-11-01 23:18:21.091208+00:00,109963.85,109965.38,1677.69087512
Coinbase,BTC-USD,109965.26,2025-11-01 23:18:21.288576+00:00,109963.85,109965.26,1677.6952938
Coinbase,BTC-USD,109965.28,2025-11-01 23:18:21.289960+00:00,109963.85,109965.28,1677.69615642
Coinbase,BTC-USD,109965.26,2025-11-01 23:18:21.419552+00:00,109963.85,109965.26,1677.69638151
Binance,BTC-USD,110240.0,2025-11-01 23:18:21.244000+00:00,109916.38,110237.05,2.44262
Coinbase,BTC-USD,109965.26,2025-11-01 23:18:21.450297+00:00,109963.85,109965.26,1677.69671797
Coinbase,BTC-USD,109965.39,2025-11-01 23:18:21.499966+00:00,109965.38,109965.39,1677.69715986
Coinbase,BTC-USD,109965.39,2025-11-01 23:18:21.573723+00:00,109965.38,109965.39,1677.69828529
Coinbase,BTC-USD,109965.39,2025-11-01 23:18:21.595132+00:00,109965.38,109965.39,1677.69871656
Coinbase,BTC-USD,109965.39,2025-11-01 23:18:21.612068+00:00,109965.38,109965.39,1677.69932042
Coinbase,BTC-USD,109965.39,2025-11-01 23:18:21.778886+00:00,109965.38,109965.44,1677.69933692
Coinbase,BTC-USD,109965.44,2025-11-01 23:18:21.778886+00:00,109965.38,109965.44,1677.70020418
Coinbase,BTC-USD,109965.39,2025-11-01 23:18:21.828365+00:00,109965.38,109965.44,1677.70022068
Coinbase,BTC-USD,109965.44,2025-11-01 23:18:21.828365+00:00,109965.38,109965.44,1677.70038425
Coinbase,BTC-USD,109965.31,2025-11-01 23:18:21.994711+00:00,109962.12,109965.31,1677.70051678
Coinbase,BTC-USD,109965.32,2025-11-01 23:18:22.267025+00:00,109965.31,109965.32,1677.7066901
Coinbase,BTC-USD,109966.0,2025-11-01 23:18:22.300681+00:00,109965.99,109966.0,1677.70713199
Coinbase,BTC-USD,109966.0,2025-11-01 23:18:22.403967+00:00,109965.99,109966.0,1677.70801577
Binance,BTC-USD,110240.0,2025-11-01 23:18:22.377000+00:00,109916.37,110237.04,2.44262
Coinbase,BTC-USD,109966.0,2025-11-01 23:18:22.621233+00:00,109965.99,109966.0,1677.70844704
Coinbase,BTC-USD,109966.0,2025-11-01 23:18:22.867407+00:00,109965.99,109966.0,1677.70934736
Coinbase,BTC-USD,109966.0,2025-11-01 23:18:22.888444+00:00,109965.99,109966.0,1677.71005438
Coinbase,BTC-USD,109966.0,2025-11-01 23:18:23.050937+00:00,109965.99,109966.0,1677.71023445
Coinbase,BTC-USD,109966.0,2025-11-01 23:18:23.224538+00:00,109965.99,109966.0,1677.71028445
Coinbase,BTC-USD,109966.0,2025-11-01 23:18:23.238978+00:00,109965.99,109966.0,1677.71050539
Coinbase,BTC-USD,109965.99,2025-11-01 23:18:23.434725+00:00,109965.99,109966.0,1677.71141378
Binance,BTC-USD,110240.0,2025-11-01 23:18:23.350000+00:00,109916.37,110237.01,2.44262
Coinbase,BTC-USD,109966.0,2025-11-01 23:18:23.466776+00:00,109965.99,109966.0,1677.71591537
Coinbase,BTC-USD,109966.0,2025-11-01 23:18:23.467257+00:00,109965.99,109966.0,1677.71681571
Coinbase,BTC-USD,109964.11,2025-11-01 23:18:23.677771+00:00,109964.1,109964.11,1677.71683228
Coinbase,BTC-USD,109964.11,2025-11-01 23:18:23.677771+00:00,109964.1,109964.11,1677.71951666
Coinbase,BTC-USD,109964.11,2025-11-01 23:18:23.754858+00:00,109964.1,109964.11,1677.71958562
Coinbase,BTC-USD,109964.11,2025-11-01 23:18:24.101511+00:00,109964.1,109965.17,1677.71959542
Coinbase,BTC-USD,109965.17,2025-11-01 23:18:24.101511+00:00,109964.1,109966.0,1677.71989542
Coinbase,BTC-USD,109966.0,2025-11-01 23:18:24.101511+00:00,109964.1,109966.0,1677.72223683
Coinbase,BTC-USD,109965.99,2025-11-01 23:18:24.221488+00:00,109965.98,109965.99,1677.72232461
Coinbase,BTC-USD,109965.99,2025-11-01 23:18:24.246788+00:00,109965.98,109965.99,1677.72241086
Coinbase,BTC-USD,109965.99,2025-11-01 23:18:24.280097+00:00,109965.98,109965.99,1677.72254024
Binance,BTC-USD,110240.0,2025-11-01 23:18:24.402000+00:00,109916.38,110236.98,2.44262
Coinbase,BTC-USD,109966.4,2025-11-01 23:18:24.583823+00:00,109966.39,109966.4,1677.72342399
Coinbase,BTC-USD,109966.4,2025-11-01 23:18:24.912670+00:00,109966.39,109966.4,1677.72432431
Binance,BTC-USD,110240.0,2025-11-01 23:18:25.515000+00:00,109916.38,110236.98,2.44262
Coinbase,BTC-USD,109966.4,2025-11-01 23:18:25.882024+00:00,109966.39,109966.4,1677.72476619
Binance,BTC-USD,110240.0,2025-11-01 23:18:26.353000+00:00,109916.4,110236.92,2.44262
Bitstamp,BTC-USD,109958.0,2025-11-01 23:18:26+00:00,0.0,0.0,6.57e-06
Binance,BTC-USD,110240.0,2025-11-01 23:18:27.487000+00:00,109916.4,110236.85,2.44262
Coinbase,BTC-USD,109966.4,2025-11-01 23:18:27.768258+00:00,109966.39,109966.67,1677.72996724
Coinbase,BTC-USD,109966.67,2025-11-01 23:18:27.768258+00:00,109966.39,109966.67,1677.7377047
Coinbase,BTC-USD,109967.02,2025-11-01 23:18:27.952137+00:00,109967.01,109967.02,1677.73771754
Coinbase,BTC-USD,109967.02,2025-11-01 23:18:27.952137+00:00,109967.01,109967.02,1677.73858847
Binance,BTC-USD,110240.0,2025-11-01 23:18:28.510000+00:00,109916.41,110236.78,2.44262
Coinbase,BTC-USD,109967.02,2025-11-01 23:18:29.027649+00:00,109967.01,109967.02,1677.74044045
Coinbase,BTC-USD,109967.01,2025-11-01 23:18:29.185948+00:00,109967.01,109967.02,1677.74044508
Binance,BTC-USD,110240.0,2025-11-01 23:18:29.450000+00:00,109916.42,110236.82,2.44262
Binance,BTC-USD,110240.0,2025-11-01 23:18:30.351000+00:00,109916.42,110236.8,2.44262
Coinbase,BTC-USD,109967.02,2025-11-01 23:18:30.937927+00:00,109967.01,109967.02,1677.74177073
Binance,BTC-USD,110240.0,2025-11-01 23:18:31.352000+00:00,109916.46,110236.74,2.44262
Coinbase,BTC-USD,109967.01,2025-11-01 23:18:31.732159+00:00,109967.01,109967.02,1677.74198896
Coinbase,BTC-USD,109967.02,2025-11-01 23:18:31.917606+00:00,109967.01,109967.02,1677.74464009
Binance,BTC-USD,110240.0,2025-11-01 23:18:32.452000+00:00,109916.46,110236.66,2.44262
Coinbase,BTC-USD,109967.02,2025-11-01 23:18:32.909476+00:00,109967.01,109967.02,1677.7453674
Coinbase,BTC-USD,109967.02,2025-11-01 23:18:32.909476+00:00,109967.01,109967.36,1677.74538432
Coinbase,BTC-USD,109967.36,2025-11-01 23:18:32.909476+00:00,109967.01,109967.36,1677.74905864
Coinbase,BTC-USD,109967.36,2025-11-01 23:18:33.126469+00:00,109967.35,109967.36,1677.74923871
Coinbase,BTC-USD,109967.36,2025-11-01 23:18:33.344026+00:00,109967.35,109967.36,1677.75029914
Coinbase,BTC-USD,109967.35,2025-11-01 23:18:33.381455+00:00,109967.35,109967.36,1677.75262809
Binance,BTC-USD,110240.0,2025-11-01 23:18:33.552000+00:00,109916.5,110236.62,2.44262
Coinbase,BTC-USD,109967.36,2025-11-01 23:18:33.662607+00:00,109967.35,109967.36,1677.75487893
Coinbase,BTC-USD,109967.36,2025-11-01 23:18:33.689536+00:00,109967.35,109967.36,1677.75514367
Binance,BTC-USD,110240.0,2025-11-01 23:18:34.454000+00:00,109916.5,110236.56,2.44262
Coinbase,BTC-USD,109967.36,2025-11-01 23:18:34.721945+00:00,109967.35,109967.36,1677.75743937
Coinbase,BTC-USD,109967.36,2025-11-01 23:18:34.900468+00:00,109967.35,109967.36,1677.75744139
Coinbase,BTC-USD,109967.36,2025-11-01 23:18:34.959234+00:00,109967.35,109967.36,1677.76005509
Coinbase,BTC-USD,109967.36,2025-11-01 23:18:34.959234+00:00,109967.35,109967.37,1677.760071
Coinbase,BTC-USD,109967.37,2025-11-01 23:18:34.959234+00:00,109967.35,109969.0,1677.78164653
Bitstamp,BTC-USD,109958.0,2025-11-01 23:18:35+00:00,0.0,0.0,0.00229
Coinbase,BTC-USD,109969.0,2025-11-01 23:18:35.291118+00:00,109968.99,109969.0,1677.78174484
Bitstamp,BTC-USD,109958.0,2025-11-01 23:18:35+00:00,0.0,0.0,0.00239
Binance,BTC-USD,110240.0,2025-11-01 23:18:35.456000+00:00,109916.5,110236.6,2.44262
Coinbase,BTC-USD,109969.0,2025-11-01 23:18:36.038031+00:00,109968.99,109969.0,1677.78260739
Binance,BTC-USD,110240.0,2025-11-01 23:18:36.455000+00:00,109916.54,110236.56,2.44262
Coinbase,BTC-USD,109968.99,2025-11-01 23:18:36.817078+00:00,109968.99,109969.0,1677.78260757
Coinbase,BTC-USD,109968.99,2025-11-01 23:18:37.162297+00:00,109968.99,109969.0,1677.78338719
Coinbase,BTC-USD,109969.0,2025-11-01 23:18:37.217351+00:00,109968.99,109969.0,1677.78352223
Binance,BTC-USD,110240.0,2025-11-01 23:18:37.555000+00:00,109916.54,110236.48,2.44262
Coinbase,BTC-USD,109969.0,2025-11-01 23:18:37.635364+00:00,109968.99,109969.0,1677.78397236
Coinbase,BTC-USD,109969.0,2025-11-01 23:18:37.784989+00:00,109968.99,109969.0,1677.78419329
Coinbase,BTC-USD,109969.0,2025-11-01 23:18:38.138650+00:00,109968.99,109969.0,1677.78432581
Binance,BTC-USD,110240.0,2025-11-01 23:18:38.456000+00:00,109916.54,110236.56,2.44259
Coinbase,BTC-USD,109969.0,2025-11-01 23:18:38.619327+00:00,109968.99,109969.0,1677.78458455
Binance,BTC-USD,110240.0,2025-11-01 23:18:39.457000+00:00,109916.56,110236.52,2.44259
Bitstamp,BTC-USD,109958.0,2025-11-01 23:18:40+00:00,0.0,0.0,4.45e-06
Coinbase,BTC-USD,109969.0,2025-11-01 23:18:40.584696+00:00,109968.99,109969.0,1677.78458596
Binance,BTC-USD,110240.0,2025-11-01 23:18:40.157000+00:00,109916.58,110236.46,2.44259
Bitstamp,BTC-USD,109961.0,2025-11-01 23:18:41+00:00,0.0,0.0,0.00025036
Binance,BTC-USD,110240.0,2025-11-01 23:18:41.459000+00:00,109916.59,110236.44,2.44259
Coinbase,BTC-USD,109969.0,2025-11-01 23:18:41.840092+00:00,109968.99,109969.0,1677.7848447
Coinbase,BTC-USD,109968.99,2025-11-01 23:18:42.101093+00:00,109968.99,109969.0,1677.78495155
Coinbase,BTC-USD,109969.0,2025-11-01 23:18:42.145056+00:00,109968.99,109969.0,1677.78788601
Binance,BTC-USD,110240.0,2025-11-01 23:18:42.559000+00:00,109916.59,110236.4,2.44259
Coinbase,BTC-USD,109969.0,2025-11-01 23:18:42.885551+00:00,109968.99,109969.0,1677.78792427
Binance,BTC-USD,110240.0,2025-11-01 23:18:43.360000+00:00,109916.59,110236.34,2.44259
Coinbase,BTC-USD,109969.0,2025-11-01 23:18:44.577077+00:00,109968.99,109969.0,1677.78803248
Binance,BTC-USD,110240.0,2025-11-01 23:18:44.462000+00:00,109916.61,110236.35,2.44259
Coinbase,BTC-USD,109969.0,2025-11-01 23:18:44.671636+00:00,109968.99,109969.0,1677.79672668
Coinbase,BTC-USD,109969.0,2025-11-01 23:18:44.931041+00:00,109968.99,109969.0,1677.80410871
Coinbase,BTC-USD,109969.0,2025-11-01 23:18:44.931041+00:00,109968.99,109970.85,1677.81023273
Coinbase,BTC-USD,109970.85,2025-11-01 23:18:45.341209+00:00,109970.84,109971.46,1677.81024373
Coinbase,BTC-USD,109971.46,2025-11-01 23:18:45.341209+00:00,109970.84,109973.05,1677.81042558
Coinbase,BTC-USD,109973.05,2025-11-01 23:18:45.341209+00:00,109970.84,109974.17,1677.81059934
Coinbase,BTC-USD,109974.17,2025-11-01 23:18:45.341209+00:00,109970.84,109974.17,1677.8106829
Binance,BTC-USD,110240.0,2025-11-01 23:18:45.561000+00:00,109916.63,110236.35,2.44259
Coinbase,BTC-USD,109973.3,2025-11-01 23:18:45.693846+00:00,109973.29,109973.3,1677.81518417
Binance,BTC-USD,110240.0,2025-11-01 23:18:46.627000+00:00,109916.63,110236.32,2.44259
Bitstamp,BTC-USD,109962.0,2025-11-01 23:18:46+00:00,0.0,0.0,0.00089
Binance,BTC-USD,110240.0,2025-11-01 23:18:47.463000+00:00,109916.63,110236.24,2.44259
Coinbase,BTC-USD,109974.01,2025-11-01 23:18:48.212678+00:00,109974.01,109974.42,1677.82818651
Coinbase,BTC-USD,109974.01,2025-11-01 23:18:48.212678+00:00,109972.09,109974.42,1677.82825205
Coinbase,BTC-USD,109972.09,2025-11-01 23:18:48.212678+00:00,109972.08,109974.42,1677.82833282
Coinbase,BTC-USD,109972.08,2025-11-01 23:18:48.212678+00:00,109972.07,109974.42,1677.83015146
Coinbase,BTC-USD,109972.07,2025-11-01 23:18:48.212678+00:00,109972.07,109974.42,1677.84561353
Coinbase,BTC-USD,109974.47,2025-11-01 23:18:48.508443+00:00,109974.46,109974.47,1677.84569057
Coinbase,BTC-USD,109974.47,2025-11-01 23:18:48.508443+00:00,109974.46,109974.47,1677.84664855
Binance,BTC-USD,110240.0,2025-11-01 23:18:48.565000+00:00,109916.65,110236.22,2.44259
Coinbase,BTC-USD,109974.44,2025-11-01 23:18:48.638326+00:00,109974.02,109974.44,1677.84666729
Bitstamp,BTC-USD,109962.0,2025-11-01 23:18:49+00:00,0.0,0.0,0.00079
Binance,BTC-USD,110240.0,2025-11-01 23:18:49.625000+00:00,109916.67,110236.15,2.44259
Coinbase,BTC-USD,109974.0,2025-11-01 23:18:49.995862+00:00,109974.0,109974.47,1677.8467013
Coinbase,BTC-USD,109974.47,2025-11-01 23:18:50.202076+00:00,109974.46,109974.48,1677.84670986
Coinbase,BTC-USD,109974.48,2025-11-01 23:18:50.202076+00:00,109974.46,109974.48,1677.84721886
Coinbase,BTC-USD,109974.49,2025-11-01 23:18:50.358855+00:00,109974.48,109974.49,1677.84741886
Binance,BTC-USD,110240.0,2025-11-01 23:18:50.465000+00:00,109916.69,110236.13,2.44259
Coinbase,BTC-USD,109974.49,2025-11-01 23:18:50.713265+00:00,109974.48,109974.49,1677.84768397
Binance,BTC-USD,110240.0,2025-11-01 23:18:51.566000+00:00,109916.69,110236.12,2.44259
Coinbase,BTC-USD,109974.49,2025-11-01 23:18:52.399026+00:00,109974.48,109974.49,1677.84785646
Binance,BTC-USD,110240.0,2025-11-01 23:18:52.567000+00:00,109916.69,110236.08,2.44259
Binance,BTC-USD,110240.0,2025-11-01 23:18:53.509000+00:00,109916.73,110236.04,2.44259
Coinbase,BTC-USD,109974.49,2025-11-01 23:18:53.770044+00:00,109974.48,109974.49,1677.84915021
Binance,BTC-USD,110240.0,2025-11-01 23:18:54.637000+00:00,109916.73,110235.97,2.44259
Bitstamp,BTC-USD,109962.0,2025-11-01 23:18:55+00:00,0.0,0.0,0.00093
Binance,BTC-USD,110240.0,2025-11-01 23:18:55.667000+00:00,109916.75,110235.89,2.44259
Coinbase,BTC-USD,109973.99,2025-11-01 23:18:55.998965+00:00,109973.98,109973.99,1677.85043886
Coinbase,BTC-USD,109973.98,2025-11-01 23:18:56.328848+00:00,109973.98,109973.99,1677.85133886
Binance,BTC-USD,110240.0,2025-11-01 23:18:56.670000+00:00,109916.75,110235.81,2.44259
Binance,BTC-USD,110240.0,2025-11-01 23:18:57.471000+00:00,109916.77,110235.75,2.44259
Binance,BTC-USD,110240.0,2025-11-01 23:18:58.571000+00:00,109916.79,110235.73,2.44259
Coinbase,BTC-USD,109973.99,2025-11-01 23:18:59.222241+00:00,109973.98,109973.99,1677.85392633
Bitstamp,BTC-USD,109962.0,2025-11-01 23:18:59+00:00,0.0,0.0,0.03776
Binance,BTC-USD,110240.0,2025-11-01 23:18:59.669000+00:00,109916.79,110235.73,2.44259
Coinbase,BTC-USD,109973.99,2025-11-01 23:19:00.427476+00:00,109973.98,109973.99,1677.85433924
Coinbase,BTC-USD,109973.99,2025-11-01 23:19:00.427476+00:00,109973.98,109973.99,1677.85615788
Coinbase,BTC-USD,109973.99,2025-11-01 23:19:00.427476+00:00,109973.98,109973.99,1677.86055367
Coinbase,BTC-USD,109973.99,2025-11-01 23:19:00.587622+00:00,109973.98,109973.99,1677.86057514
Binance,BTC-USD,110240.0,2025-11-01 23:19:00.572000+00:00,109916.79,110235.72,2.44259
Coinbase,BTC-USD,109973.99,2025-11-01 23:19:00.694840+00:00,109973.98,109973.99,1677.86064276
Bitstamp,BTC-USD,109962.0,2025-11-01 23:19:01+00:00,0.0,0.0,0.0002537
Bitstamp,BTC-USD,109962.0,2025-11-01 23:19:01+00:00,0.0,0.0,0.0005079
Binance,BTC-USD,110240.0,2025-11-01 23:19:01.673000+00:00,109916.81,110235.6,2.44259
Binance,BTC-USD,110240.0,2025-11-01 23:19:02.475000+00:00,109916.81,110235.63,2.44259
Binance,BTC-USD,110240.0,2025-11-01 23:19:03.574000+00:00,109916.83,110235.58,2.44259
Coinbase,BTC-USD,109973.99,2025-11-01 23:19:04.106947+00:00,109973.98,109973.99,1677.8610844
Coinbase,BTC-USD,109973.99,2025-11-01 23:19:04.147795+00:00,109973.98,109973.99,1677.8615156
Coinbase,BTC-USD,109973.98,2025-11-01 23:19:04.426119+00:00,109973.98,109973.99,1677.86221365
Coinbase,BTC-USD,109973.98,2025-11-01 23:19:04.426119+00:00,109970.63,109973.99,1677.86419141
Binance,BTC-USD,110240.0,2025-11-01 23:19:04.678000+00:00,109916.83,110235.52,2.44259
Coinbase,BTC-USD,109969.0,2025-11-01 23:19:04.895372+00:00,109968.99,109969.0,1677.86545926
Coinbase,BTC-USD,109968.99,2025-11-01 23:19:04.928031+00:00,109968.99,109969.0,1677.86549775
Coinbase,BTC-USD,109968.99,2025-11-01 23:19:04.928031+00:00,109963.99,109969.0,1677.86552094
Coinbase,BTC-USD,109963.99,2025-11-01 23:19:04.928031+00:00,109963.99,109969.0,1677.8657042
Binance,BTC-USD,110240.0,2025-11-01 23:19:05.582000+00:00,109916.86,110235.46,2.44259
Bitstamp,BTC-USD,109964.0,2025-11-01 23:19:05+00:00,0.0,0.0,0.00038
Coinbase,BTC-USD,109965.37,2025-11-01 23:19:05.922936+00:00,109965.36,109965.37,1677.86680876
Binance,BTC-USD,110240.0,2025-11-01 23:19:06.677000+00:00,109916.86,110235.44,2.44259
Coinbase,BTC-USD,109965.37,2025-11-01 23:19:07.443460+00:00,109965.36,109965.37,1677.8674642
Coinbase,BTC-USD,109965.37,2025-11-01 23:19:07.469798+00:00,109965.36,109965.37,1677.86777351
Binance,BTC-USD,110240.0,2025-11-01 23:19:07.677000+00:00,109916.86,110235.44,2.44259
Coinbase,BTC-USD,109965.36,2025-11-01 23:19:08.276850+00:00,109962.03,109965.37,1677.86786445
Coinbase,BTC-USD,109962.03,2025-11-01 23:19:08.276850+00:00,109962.03,109965.37,1677.86795364
Binance,BTC-USD,110240.0,2025-11-01 23:19:08.687000+00:00,109916.88,110235.37,2.44259
Coinbase,BTC-USD,109962.03,2025-11-01 23:19:09.146356+00:00,109962.02,109962.03,1677.86901405
Coinbase,BTC-USD,109962.03,2025-11-01 23:19:09.212790+00:00,109962.02,109962.03,1677.86951405
Coinbase,BTC-USD,109962.03,2025-11-01 23:19:09.441110+00:00,109962.02,109962.03,1677.8695218
Binance,BTC-USD,110240.0,2025-11-01 23:19:09.508000+00:00,109916.9,110235.32,2.44259
Coinbase,BTC-USD,109962.03,2025-11-01 23:19:09.863261+00:00,109962.02,109962.03,1677.87072944
Coinbase,BTC-USD,109962.03,2025-11-01 23:19:09.863261+00:00,109962.02,109962.03,1677.87245127
Coinbase,BTC-USD,109962.02,2025-11-01 23:19:10.131141+00:00,109962.02,109962.03,1677.87427005
Binance,BTC-USD,110240.0,2025-11-01 23:19:10.078000+00:00,109916.92,110235.32,2.44259
Coinbase,BTC-USD,109962.02,2025-11-01 23:19:11.024788+00:00,109962.02,109962.03,1677.87536118
Coinbase,BTC-USD,109962.03,2025-11-01 23:19:11.288814+00:00,109962.02,109962.03,1677.87576793
Coinbase,BTC-USD,109962.03,2025-11-01 23:19:11.499412+00:00,109962.02,109962.03,1677.87592557
Coinbase,BTC-USD,109962.03,2025-11-01 23:19:11.499412+00:00,109962.02,109962.03,1677.87624225
Binance,BTC-USD,110240.0,2025-11-01 23:19:11.681000+00:00,109916.92,110235.28,2.44259
Coinbase,BTC-USD,109962.03,2025-11-01 23:19:11.869880+00:00,109962.02,109962.03,1677.71262949
Coinbase,BTC-USD,109962.03,2025-11-01 23:19:11.907001+00:00,109962.02,109962.03,1677.72146598
Coinbase,BTC-USD,109962.03,2025-11-01 23:19:11.917253+00:00,109962.02,109962.03,1677.73589095
Coinbase,BTC-USD,109962.03,2025-11-01 23:19:11.917253+00:00,109962.02,109962.03,1677.74397307
Coinbase,BTC-USD,109962.02,2025-11-01 23:19:12.353067+00:00,109962.02,109962.03,1677.76834577
Coinbase,BTC-USD,109962.02,2025-11-01 23:19:12.353067+00:00,109962.01,109962.03,1677.76842898
Coinbase,BTC-USD,109962.01,2025-11-01 23:19:12.353067+00:00,109962.01,109962.03,1677.78047735
Binance,BTC-USD,110240.0,2025-11-01 23:19:12.740000+00:00,109916.95,110235.23,2.44259
Binance,BTC-USD,110240.0,2025-11-01 23:19:13.704000+00:00,109916.97,110235.22,2.44259
Coinbase,BTC-USD,109962.03,2025-11-01 23:19:14.208549+00:00,109962.02,109962.03,1677.78050771
Coinbase,BTC-USD,109962.03,2025-11-01 23:19:14.208549+00:00,109962.02,109962.03,1677.78129863
Coinbase,BTC-USD,109962.03,2025-11-01 23:19:14.242173+00:00,109962.02,109962.03,1677.78138865
Binance,BTC-USD,110240.0,2025-11-01 23:19:14.482000+00:00,109917.0,110235.15,2.44259
Coinbase,BTC-USD,109962.03,2025-11-01 23:19:15.167410+00:00,109962.02,109962.03,1677.7822724
Coinbase,BTC-USD,109962.02,2025-11-01 23:19:15.211896+00:00,109962.02,109962.03,1677.78235561
Coinbase,BTC-USD,109962.02,2025-11-01 23:19:15.211896+00:00,109962.02,109962.03,1677.78318633
Binance,BTC-USD,110240.0,2025-11-01 23:19:15.683000+00:00,109917.0,110235.09,2.44259
Coinbase,BTC-USD,109962.02,2025-11-01 23:19:15.915476+00:00,109962.02,109962.03,1677.80137442
Coinbase,BTC-USD,109962.03,2025-11-01 23:19:16.157800+00:00,109962.02,109962.03,1677.80160849
Coinbase,BTC-USD,109962.02,2025-11-01 23:19:16.499903+00:00,109962.02,109962.03,1677.80161122
Coinbase,BTC-USD,109962.02,2025-11-01 23:19:16.629406+00:00,109962.02,109962.03,1677.80987229
Coinbase,BTC-USD,109962.02,2025-11-01 23:19:16.629406+00:00,109960.95,109962.03,1677.80996324
Bitstamp,BTC-USD,109963.0,2025-11-01 23:19:16+00:00,0.0,0.0,5.229e-05
Binance,BTC-USD,110240.0,2025-11-01 23:19:16.739000+00:00,109917.02,110235.04,2.44259
Coinbase,BTC-USD,109958.76,2025-11-01 23:19:17.087777+00:00,109958.75,109958.76,1677.81042324
Bitstamp,BTC-USD,109963.0,2025-11-01 23:19:17+00:00,0.0,0.0,0.0003
Binance,BTC-USD,110240.0,2025-11-01 23:19:17.581000+00:00,109917.02,110234.97,2.44259
Binance,BTC-USD,110240.0,2025-11-01 23:19:18.407000+00:00,109917.04,110234.95,2.44259
Coinbase,BTC-USD,109958.75,2025-11-01 23:19:18.902252+00:00,109958.75,109958.76,1677.81043424
Coinbase,BTC-USD,109958.75,2025-11-01 23:19:18.902252+00:00,109958.75,109958.76,1677.81052519
Coinbase,BTC-USD,109958.75,2025-11-01 23:19:18.902252+00:00,109958.75,109958.76,1677.83780881
Coinbase,BTC-USD,109958.75,2025-11-01 23:19:18.902252+00:00,109958.75,109958.76,1677.86350112
Coinbase,BTC-USD,109958.75,2025-11-01 23:19:18.902254+00:00,109955.52,109958.76,1677.91054774
Coinbase,BTC-USD,109958.75,2025-11-01 23:19:18.912442+00:00,109958.75,109958.76,1677.91063869
Coinbase,BTC-USD,109958.75,2025-11-01 23:19:18.912442+00:00,109958.75,109958.76,1677.9715518
Coinbase,BTC-USD,109958.75,2025-11-01 23:19:18.912484+00:00,109955.52,109958.76,1677.98337762
Coinbase,BTC-USD,109955.53,2025-11-01 23:19:19.655825+00:00,109955.52,109955.53,1677.9833805
Binance,BTC-USD,110240.0,2025-11-01 23:19:19.586000+00:00,109917.04,110234.91,2.44259
Coinbase,BTC-USD,109955.53,2025-11-01 23:19:19.897974+00:00,109955.52,109955.53,1677.98428678
Coinbase,BTC-USD,109955.53,2025-11-01 23:19:19.897974+00:00,109955.52,109955.53,1677.98527718
Coinbase,BTC-USD,109955.53,2025-11-01 23:19:20.455340+00:00,109955.52,109955.53,1677.98536496
Coinbase,BTC-USD,109955.53,2025-11-01 23:19:20.641793+00:00,109955.52,109955.53,1677.98540998
Coinbase,BTC-USD,109955.53,2025-11-01 23:19:20.673480+00:00,109955.52,109955.53,1677.98550001
Binance,BTC-USD,110240.0,2025-11-01 23:19:20.587000+00:00,109917.05,110234.85,2.44259
Coinbase,BTC-USD,109955.53,2025-11-01 23:19:21.057839+00:00,109955.52,109955.53,1677.9855034
Coinbase,BTC-USD,109955.53,2025-11-01 23:19:21.723366+00:00,109955.52,109955.53,1677.98638717
Binance,BTC-USD,110240.0,2025-11-01 23:19:21.688000+00:00,109917.05,110234.77,2.44259
Coinbase,BTC-USD,109955.53,2025-11-01 23:19:22.213641+00:00,109955.52,109955.53,1677.98727094
Binance,BTC-USD,110240.0,2025-11-01 23:19:22.486000+00:00,109917.06,110234.73,2.44259
Coinbase,BTC-USD,109955.53,2025-11-01 23:19:23.145746+00:00,109955.52,109955.53,1677.98764248
Coinbase,BTC-USD,109955.53,2025-11-01 23:19:23.145746+00:00,109955.52,109955.53,1677.9879619
Coinbase,BTC-USD,109955.53,2025-11-01 23:19:23.145746+00:00,109955.52,109955.53,1677.98859656
Coinbase,BTC-USD,109955.53,2025-11-01 23:19:23.191023+00:00,109955.52,109955.53,1677.98909686
Coinbase,BTC-USD,109955.53,2025-11-01 23:19:23.302012+00:00,109955.52,109955.53,1677.99340984
Coinbase,BTC-USD,109955.53,2025-11-01 23:19:23.336015+00:00,109955.52,109955.53,1677.99385171
Binance,BTC-USD,110240.0,2025-11-01 23:19:23.489000+00:00,109917.06,110234.71,2.44259
Coinbase,BTC-USD,109955.53,2025-11-01 23:19:23.861669+00:00,109955.52,109955.53,1677.99406734
Coinbase,BTC-USD,109955.53,2025-11-01 23:19:23.964266+00:00,109955.52,109955.53,1677.99838032
Coinbase,BTC-USD,109955.53,2025-11-01 23:19:24.042917+00:00,109955.52,109955.53,1677.99884859
Coinbase,BTC-USD,109955.53,2025-11-01 23:19:24.126594+00:00,109955.52,109955.53,1677.99973236
Coinbase,BTC-USD,109955.53,2025-11-01 23:19:24.265311+00:00,109955.52,109955.53,1678.0006327
Coinbase,BTC-USD,109955.53,2025-11-01 23:19:24.389262+00:00,109955.52,109955.53,1678.0015165
Coinbase,BTC-USD,109955.53,2025-11-01 23:19:24.439263+00:00,109955.52,109955.53,1678.00160429
Coinbase,BTC-USD,109955.53,2025-11-01 23:19:24.527502+00:00,109955.52,109955.53,1678.00169207
Coinbase,BTC-USD,109955.53,2025-11-01 23:19:24.575391+00:00,109955.52,109955.53,1678.00257584
Coinbase,BTC-USD,109955.53,2025-11-01 23:19:24.601651+00:00,109955.52,109955.53,1678.00350385
Coinbase,BTC-USD,109955.53,2025-11-01 23:19:24.606788+00:00,109955.52,109955.53,1678.00353521
Coinbase,BTC-USD,109955.53,2025-11-01 23:19:24.772296+00:00,109955.52,109955.53,1678.00371194
Binance,BTC-USD,110240.0,2025-11-01 23:19:24.790000+00:00,109917.06,110234.67,2.44259
Coinbase,BTC-USD,109955.53,2025-11-01 23:19:25.039441+00:00,109955.52,109955.62,1678.00386734
Coinbase,BTC-USD,109955.62,2025-11-01 23:19:25.039441+00:00,109955.52,109955.62,1678.00414319
Coinbase,BTC-USD,109955.63,2025-11-01 23:19:25.128865+00:00,109955.62,109955.63,1678.00436413
Coinbase,BTC-USD,109955.63,2025-11-01 23:19:25.356171+00:00,109955.62,109955.63,1678.00458507
Coinbase,BTC-USD,109955.63,2025-11-01 23:19:25.566787+00:00,109955.62,109955.63,1678.00639475
Coinbase,BTC-USD,109955.62,2025-11-01 23:19:25.568109+00:00,109955.62,109955.63,1678.01094177
Coinbase,BTC-USD,109955.63,2025-11-01 23:19:25.632021+00:00,109955.62,109955.63,1678.01182554
Coinbase,BTC-USD,109955.63,2025-11-01 23:19:25.639332+00:00,109955.62,109955.63,1678.01204648
Binance,BTC-USD,110240.0,2025-11-01 23:19:25.344000+00:00,109917.07,110234.67,2.44259
Coinbase,BTC-USD,109956.79,2025-11-01 23:19:25.992735+00:00,109956.76,109956.79,1678.01248837
Coinbase,BTC-USD,109956.78,2025-11-01 23:19:26.065989+00:00,109956.75,109956.78,1678.01337214
Coinbase,BTC-USD,109956.78,2025-11-01 23:19:26.074918+00:00,109956.75,109956.78,1678.01359308
Coinbase,BTC-USD,109956.78,2025-11-01 23:19:26.235730+00:00,109956.76,109956.78,1678.01536062
Coinbase,BTC-USD,109956.78,2025-11-01 23:19:26.278359+00:00,109956.76,109956.78,1678.01611969
Coinbase,BTC-USD,109956.78,2025-11-01 23:19:26.417111+00:00,109956.76,109956.78,1678.01656158
Coinbase,BTC-USD,109956.78,2025-11-01 23:19:26.477537+00:00,109956.76,109956.78,1678.01754259
Coinbase,BTC-USD,109956.78,2025-11-01 23:19:26.518767+00:00,109956.76,109956.78,1678.01842636
Coinbase,BTC-USD,109956.78,2025-11-01 23:19:26.552338+00:00,109956.76,109956.78,1678.01848713
Coinbase,BTC-USD,109956.78,2025-11-01 23:19:26.610548+00:00,109956.76,109956.78,1678.01937093
Binance,BTC-USD,110240.0,2025-11-01 23:19:26.492000+00:00,109917.08,110234.61,2.44259
Coinbase,BTC-USD,109956.78,2025-11-01 23:19:27.138418+00:00,109956.76,109956.78,1678.019551
Coinbase,BTC-USD,109956.78,2025-11-01 23:19:27.147459+00:00,109956.76,109956.78,1678.01973107
Coinbase,BTC-USD,109956.78,2025-11-01 23:19:27.182328+00:00,109956.76,109956.78,1678.02017296
Coinbase,BTC-USD,109956.78,2025-11-01 23:19:27.247460+00:00,109956.77,109956.78,1678.02028428
Coinbase,BTC-USD,109956.78,2025-11-01 23:19:27.247460+00:00,109956.77,109956.78,1678.0203886
Coinbase,BTC-USD,109956.78,2025-11-01 23:19:27.354448+00:00,109956.77,109956.78,1678.02065375
Coinbase,BTC-USD,109956.78,2025-11-01 23:19:27.618125+00:00,109956.77,109956.78,1678.02086939
Coinbase,BTC-USD,109956.78,2025-11-01 23:19:27.659571+00:00,109956.77,109956.78,1678.0210419
Coinbase,BTC-USD,109956.78,2025-11-01 23:19:27.764007+00:00,109956.77,109958.27,1678.02108744
Coinbase,BTC-USD,109958.27,2025-11-01 23:19:27.764007+00:00,109956.77,109958.27,1678.02157221
Coinbase,BTC-USD,109958.27,2025-11-01 23:19:27.786027+00:00,109958.26,109958.27,1678.02201411
Binance,BTC-USD,110240.0,2025-11-01 23:19:27.591000+00:00,109917.08,110234.57,2.44259
Coinbase,BTC-USD,109958.27,2025-11-01 23:19:28.119410+00:00,109958.26,109958.27,1678.0221019
Coinbase,BTC-USD,109958.27,2025-11-01 23:19:28.168853+00:00,109958.26,109958.27,1678.0225438
Coinbase,BTC-USD,109959.3,2025-11-01 23:19:28.628376+00:00,109959.3,109959.31,1678.02254471
Coinbase,BTC-USD,109959.3,2025-11-01 23:19:28.726499+00:00,109959.3,109959.31,1678.0375438
Coinbase,BTC-USD,109959.3,2025-11-01 23:19:28.726499+00:00,109959.3,109959.31,1678.05509897
Binance,BTC-USD,110240.0,2025-11-01 23:19:28.480000+00:00,109917.11,110234.57,2.44259
Coinbase,BTC-USD,109959.3,2025-11-01 23:19:29.269591+00:00,109959.3,109959.31,1678.0555537
Coinbase,BTC-USD,109959.31,2025-11-01 23:19:29.317179+00:00,109959.3,109959.31,1678.05573557
Coinbase,BTC-USD,109959.31,2025-11-01 23:19:29.317179+00:00,109959.3,109959.41,1678.05577834
Coinbase,BTC-USD,109959.41,2025-11-01 23:19:29.317179+00:00,109959.3,109959.41,1678.05806701
Coinbase,BTC-USD,109962.69,2025-11-01 23:19:29.642688+00:00,109962.01,109962.69,1678.05828795
Binance,BTC-USD,110240.0,2025-11-01 23:19:29.793000+00:00,109917.11,110234.51,2.44259
Coinbase,BTC-USD,109962.48,2025-11-01 23:19:30.445944+00:00,109962.01,109962.48,1678.05872984
Coinbase,BTC-USD,109962.69,2025-11-01 23:19:30.540668+00:00,109962.0,109962.69,1678.05886489
Coinbase,BTC-USD,109962.69,2025-11-01 23:19:30.672928+00:00,109962.0,109962.69,1678.05930679
Binance,BTC-USD,110240.0,2025-11-01 23:19:30.694000+00:00,109917.13,110234.45,2.44259
Binance,BTC-USD,110240.0,2025-11-01 23:19:31.653000+00:00,109917.15,110234.43,2.44259
Coinbase,BTC-USD,109961.63,2025-11-01 23:19:32.088258+00:00,109961.63,109961.64,1678.06573666
Binance,BTC-USD,110240.0,2025-11-01 23:19:32.795000+00:00,109917.15,110234.37,2.44259
Coinbase,BTC-USD,109960.01,2025-11-01 23:19:33.281119+00:00,109960.0,109960.01,1678.07015565
Coinbase,BTC-USD,109960.01,2025-11-01 23:19:33.608991+00:00,109960.0,109960.01,1678.07031583
Coinbase,BTC-USD,109960.01,2025-11-01 23:19:33.608991+00:00,109960.0,109960.01,1678.07351565
Coinbase,BTC-USD,109960.78,2025-11-01 23:19:33.726930+00:00,109960.77,109960.78,1678.07561395
Binance,BTC-USD,110240.0,2025-11-01 23:19:33.497000+00:00,109917.15,110234.39,2.44259
Coinbase,BTC-USD,109960.78,2025-11-01 23:19:34.038078+00:00,109960.77,109960.78,1678.07770395
Coinbase,BTC-USD,109962.01,2025-11-01 23:19:34.515845+00:00,109962.01,109962.69,1678.07785406
Coinbase,BTC-USD,109962.01,2025-11-01 23:19:34.515845+00:00,109962.0,109962.69,1678.07800417
Coinbase,BTC-USD,109962.0,2025-11-01 23:19:34.515845+00:00,109962.0,109962.69,1678.07821602
Binance,BTC-USD,110240.0,2025-11-01 23:19:34.297000+00:00,109917.15,110234.35,2.44259
Binance,BTC-USD,110240.0,2025-11-01 23:19:35.821000+00:00,109917.15,110234.3,2.44259
Coinbase,BTC-USD,109962.69,2025-11-01 23:19:35.877658+00:00,109962.0,109962.69,1678.07865792
Coinbase,BTC-USD,109962.69,2025-11-01 23:19:36.181836+00:00,109962.68,109962.69,1678.07909982
Bitstamp,BTC-USD,109964.0,2025-11-01 23:19:36+00:00,0.0,0.0,0.000152
Coinbase,BTC-USD,109962.6,2025-11-01 23:19:36.749102+00:00,109962.58,109962.6,1678.08090045
Binance,BTC-USD,110240.0,2025-11-01 23:19:37.043000+00:00,109917.16,110234.3,2.44259
Coinbase,BTC-USD,109962.6,2025-11-01 23:19:37.474103+00:00,109962.58,109962.6,1678.08180076
Coinbase,BTC-USD,109962.6,2025-11-01 23:19:37.840599+00:00,109962.58,109962.6,1678.10430894
Coinbase,BTC-USD,109962.6,2025-11-01 23:19:37.989667+00:00,109962.59,109962.7,1678.104472
Coinbase,BTC-USD,109962.7,2025-11-01 23:19:37.989667+00:00,109962.59,109962.7,1678.1046624
Binance,BTC-USD,110240.0,2025-11-01 23:19:38+00:00,109917.17,110234.26,2.44259
Coinbase,BTC-USD,109962.7,2025-11-01 23:19:38.289740+00:00,109962.6,109962.7,1678.10879007
Bitstamp,BTC-USD,109964.0,2025-11-01 23:19:38+00:00,0.0,0.0,4.546e-05
Coinbase,BTC-USD,109962.7,2025-11-01 23:19:38.465981+00:00,109962.58,109962.7,1678.11059068
Coinbase,BTC-USD,109962.7,2025-11-01 23:19:39.030446+00:00,109962.58,109962.7,1678.11597068
Binance,BTC-USD,110240.0,2025-11-01 23:19:38.900000+00:00,109917.17,110234.22,2.44259
Binance,BTC-USD,110240.0,2025-11-01 23:19:39.302000+00:00,109917.19,110234.17,2.44259
Binance,BTC-USD,110240.0,2025-11-01 23:19:41.041000+00:00,109917.19,110234.14,2.44259
Coinbase,BTC-USD,109962.79,2025-11-01 23:19:41.386338+00:00,109962.78,109962.79,1678.11606071
Binance,BTC-USD,110240.0,2025-11-01 23:19:42.047000+00:00,109917.2,110234.07,2.44259
Coinbase,BTC-USD,109962.78,2025-11-01 23:19:42.079304+00:00,109962.78,109962.79,1678.11651549
Binance,BTC-USD,110240.0,2025-11-01 23:19:42.998000+00:00,109917.21,110234.0,2.44259
Binance,BTC-USD,110240.0,2025-11-01 23:19:43.904000+00:00,109917.23,110233.93,2.44259
Binance,BTC-USD,110240.0,2025-11-01 23:19:45.018000+00:00,109917.25,110233.9,2.44259
Coinbase,BTC-USD,109962.58,2025-11-01 23:19:45.754190+00:00,109962.58,109962.6,1678.11668528
Coinbase,BTC-USD,109962.6,2025-11-01 23:19:45.924714+00:00,109962.58,109962.6,1678.11725047
Binance,BTC-USD,110240.0,2025-11-01 23:19:46.037000+00:00,109917.25,110233.83,2.44259
Binance,BTC-USD,110240.0,2025-11-01 23:19:46.907000+00:00,109917.25,110233.82,2.44259
Coinbase,BTC-USD,109962.59,2025-11-01 23:19:47.164830+00:00,109962.58,109962.59,1678.11768172
Binance,BTC-USD,110240.0,2025-11-01 23:19:48.007000+00:00,109917.27,110233.74,2.44259
Binance,BTC-USD,110240.0,2025-11-01 23:19:48.808000+00:00,109917.29,110233.72,2.44259
Binance,BTC-USD,110240.0,2025-11-01 23:19:49.909000+00:00,109917.29,110233.7,2.44259
Coinbase,BTC-USD,109962.79,2025-11-01 23:19:50.169825+00:00,109962.78,109962.79,1678.1185443
Coinbase,BTC-USD,109963.14,2025-11-01 23:19:50.634330+00:00,109963.13,109963.14,1678.11880944
Coinbase,BTC-USD,109963.14,2025-11-01 23:19:50.809133+00:00,109963.13,109963.14,1678.12001702
Coinbase,BTC-USD,109963.14,2025-11-01 23:19:51.063581+00:00,109963.13,109963.14,1678.12293338
Binance,BTC-USD,110240.0,2025-11-01 23:19:51.026000+00:00,109917.29,110233.63,2.44259
Coinbase,BTC-USD,109964.99,2025-11-01 23:19:51.356737+00:00,109964.99,109965.0,1678.12297421
Coinbase,BTC-USD,109965.0,2025-11-01 23:19:51.592233+00:00,109964.99,109965.0,1678.12301923
Binance,BTC-USD,110240.0,2025-11-01 23:19:52.104000+00:00,109917.29,110233.55,2.44259
Coinbase,BTC-USD,109965.0,2025-11-01 23:19:52.520991+00:00,109964.99,109965.0,1678.12819464
Binance,BTC-USD,110240.0,2025-11-01 23:19:52.510000+00:00,109917.29,110233.52,2.44259
