exchange,symbol,price,timestamp,bid,ask,volume
Coinbase,BTC-USD,109880.48,2025-11-01 22:05:16.874573+00:00,109880.47,109880.48,1679.54655237
Coinbase,BTC-USD,109880.47,2025-11-01 22:05:19.998291+00:00,109880.47,109880.48,1679.54864967
Coinbase,BTC-USD,109880.47,2025-11-01 22:05:21.008293+00:00,109880.47,109880.48,1679.54877835
Binance,BTC-USD,110164.82,2025-11-01 22:05:20.950000+00:00,109858.01,110164.32,2.49779
Bitstamp,BTC-USD,109869.0,2025-11-01 22:05:21+00:00,0.0,0.0,0.02152
Coinbase,BTC-USD,109880.47,2025-11-01 22:05:21.758123+00:00,109880.47,109880.48,1679.54884242
Binance,BTC-USD,110164.82,2025-11-01 22:05:21.951000+00:00,109858.01,110164.3,2.49779
Binance,BTC-USD,110164.82,2025-11-01 22:05:22.852000+00:00,109858.01,110164.24,2.49779
Bitstamp,BTC-USD,109869.0,2025-11-01 22:05:23+00:00,0.0,0.0,0.00044
Coinbase,BTC-USD,109880.48,2025-11-01 22:05:23.515087+00:00,109880.47,109884.59,1679.54884462
Binance,BTC-USD,110164.82,2025-11-01 22:05:23.752000+00:00,109858.01,110164.2,2.49779
Coinbase,BTC-USD,109884.58,2025-11-01 22:05:24.501812+00:00,109884.58,109884.59,1679.68392462
Coinbase,BTC-USD,109884.58,2025-11-01 22:05:24.501812+00:00,109884.58,109884.59,1679.75670963
Coinbase,BTC-USD,109884.58,2025-11-01 22:05:24.501812+00:00,109884.58,109884.59,1679.78180335
Coinbase,BTC-USD,109884.58,2025-11-01 22:05:24.501812+00:00,109884.58,109884.59,1679.78362344
Coinbase,BTC-USD,109884.58,2025-11-01 22:05:24.501812+00:00,109884.58,109884.59,1679.78365126
Coinbase,BTC-USD,109884.58,2025-11-01 22:05:24.501812+00:00,109884.58,109884.59,1679.81210617
Coinbase,BTC-USD,109884.58,2025-11-01 22:05:24.501812+00:00,109884.58,109884.59,1679.84201086
Coinbase,BTC-USD,109884.58,2025-11-01 22:05:24.501812+00:00,109884.56,109884.59,1679.84487686
Coinbase,BTC-USD,109884.56,2025-11-01 22:05:24.501812+00:00,109884.03,109884.59,1679.86418803
Coinbase,BTC-USD,109884.03,2025-11-01 22:05:24.501812+00:00,109884.01,109884.59,1679.87328853
Coinbase,BTC-USD,109884.01,2025-11-01 22:05:24.501812+00:00,109884.01,109884.59,1679.91652171
Binance,BTC-USD,110164.82,2025-11-01 22:05:24.996000+00:00,109858.01,110164.18,2.49779
Coinbase,BTC-USD,109884.59,2025-11-01 22:05:25.810685+00:00,109884.58,109884.59,1679.91673749
Binance,BTC-USD,110164.82,2025-11-01 22:05:25.954000+00:00,109858.01,110164.15,2.49779
Coinbase,BTC-USD,109884.59,2025-11-01 22:05:26.279520+00:00,109884.58,109884.59,1679.91686306
Coinbase,BTC-USD,109884.59,2025-11-01 22:05:26.279520+00:00,109884.58,109884.59,1679.91720441
Coinbase,BTC-USD,109884.59,2025-11-01 22:05:26.279520+00:00,109884.58,109884.59,1679.91762186
Bitstamp,BTC-USD,109877.0,2025-11-01 22:05:26+00:00,0.0,0.0,0.00806
Binance,BTC-USD,110164.82,2025-11-01 22:05:26.707000+00:00,109858.01,110164.13,2.49779
Bitstamp,BTC-USD,109877.0,2025-11-01 22:05:27+00:00,0.0,0.0,0.00017871
Bitstamp,BTC-USD,109877.0,2025-11-01 22:05:27+00:00,0.0,0.0,0.00044673
Bitstamp,BTC-USD,109877.0,2025-11-01 22:05:27+00:00,0.0,0.0,9.01e-06
Coinbase,BTC-USD,109884.59,2025-11-01 22:05:27.627390+00:00,109884.58,109884.59,1679.91805341
Coinbase,BTC-USD,109884.59,2025-11-01 22:05:27.696743+00:00,109884.58,109884.59,1679.91808091
Binance,BTC-USD,110164.82,2025-11-01 22:05:27.755000+00:00,109858.01,110164.11,2.49779
Coinbase,BTC-USD,109884.59,2025-11-01 22:05:28.126898+00:00,109884.58,109884.59,1679.92073397
Binance,BTC-USD,110164.82,2025-11-01 22:05:28.856000+00:00,109858.01,110164.09,2.49779
Coinbase,BTC-USD,109884.58,2025-11-01 22:05:29.315348+00:00,109884.58,109884.59,1679.92075435
Bitstamp,BTC-USD,109877.0,2025-11-01 22:05:29+00:00,0.0,0.0,4.55e-05
Binance,BTC-USD,110164.82,2025-11-01 22:05:29.955000+00:00,109858.01,110164.07,2.49779
Coinbase,BTC-USD,109884.59,2025-11-01 22:05:30.622842+00:00,109884.58,109884.59,1679.9211859
Binance,BTC-USD,110164.82,2025-11-01 22:05:30.961000+00:00,109858.01,110164.04,2.49779
Coinbase,BTC-USD,109884.59,2025-11-01 22:05:31.583966+00:00,109884.58,109884.59,1679.92518859
Coinbase,BTC-USD,109884.59,2025-11-01 22:05:31.583966+00:00,109884.58,109886.55,1679.92520571
Coinbase,BTC-USD,109886.55,2025-11-01 22:05:31.583966+00:00,109884.58,109887.12,1679.92543328
Coinbase,BTC-USD,109887.12,2025-11-01 22:05:31.583966+00:00,109884.58,109889.3,1679.92544428
Coinbase,BTC-USD,109889.3,2025-11-01 22:05:31.588012+00:00,109889.29,109889.3,1679.92578561
Coinbase,BTC-USD,109889.3,2025-11-01 22:05:31.588012+00:00,109889.29,109889.3,1679.92612694
Coinbase,BTC-USD,109889.3,2025-11-01 22:05:31.588012+00:00,109889.29,109889.3,1679.92646827
Coinbase,BTC-USD,109889.3,2025-11-01 22:05:31.588012+00:00,109889.29,109890.43,1679.9268096
Binance,BTC-USD,110164.82,2025-11-01 22:05:31.659000+00:00,109858.01,110164.02,2.49779
Binance,BTC-USD,110164.82,2025-11-01 22:05:33.059000+00:00,109858.01,110164.02,2.49779
Coinbase,BTC-USD,109890.42,2025-11-01 22:05:33.532573+00:00,109890.42,109890.43,1679.92690606
Binance,BTC-USD,110164.82,2025-11-01 22:05:33.959000+00:00,109858.02,110163.95,2.49779
Binance,BTC-USD,110164.82,2025-11-01 22:05:35.075000+00:00,109858.03,110163.92,2.49779
Coinbase,BTC-USD,109890.43,2025-11-01 22:05:36.046091+00:00,109890.42,109890.43,1679.92692183
Binance,BTC-USD,110164.82,2025-11-01 22:05:35.961000+00:00,109858.03,110163.87,2.49779
Coinbase,BTC-USD,109890.43,2025-11-01 22:05:36.907463+00:00,109890.42,109890.43,1679.92700814
Binance,BTC-USD,110164.82,2025-11-01 22:05:36.962000+00:00,109858.04,110163.85,2.49779
Coinbase,BTC-USD,109890.42,2025-11-01 22:05:37.180690+00:00,109890.42,109890.43,1679.92732504
Coinbase,BTC-USD,109890.42,2025-11-01 22:05:37.907819+00:00,109890.42,109890.43,1679.93191168
Coinbase,BTC-USD,109890.42,2025-11-01 22:05:37.907819+00:00,109890.42,109890.43,1679.95050775
Binance,BTC-USD,110164.82,2025-11-01 22:05:37.862000+00:00,109858.04,110163.83,2.49779
Coinbase,BTC-USD,109890.43,2025-11-01 22:05:38.737431+00:00,109890.42,109890.43,1679.950747
Coinbase,BTC-USD,109890.43,2025-11-01 22:05:38.737431+00:00,109890.42,109891.28,1679.95076412
Coinbase,BTC-USD,109891.28,2025-11-01 22:05:38.737431+00:00,109890.42,109891.71,1679.95236354
Coinbase,BTC-USD,109891.71,2025-11-01 22:05:38.737431+00:00,109890.42,109891.71,1679.95439209
Coinbase,BTC-USD,109892.16,2025-11-01 22:05:38.812791+00:00,109892.15,109892.89,1679.95440309
Coinbase,BTC-USD,109892.89,2025-11-01 22:05:38.812791+00:00,109892.15,109892.89,1679.95465102
Binance,BTC-USD,110164.82,2025-11-01 22:05:38.963000+00:00,109858.04,110163.79,2.49779
Binance,BTC-USD,110164.82,2025-11-01 22:05:40.065000+00:00,109858.04,110163.7,2.49779
Bitstamp,BTC-USD,109885.0,2025-11-01 22:05:40+00:00,0.0,0.0,0.00047
Binance,BTC-USD,110164.82,2025-11-01 22:05:40.865000+00:00,109858.04,110163.66,2.49779
Binance,BTC-USD,110164.82,2025-11-01 22:05:41.964000+00:00,109858.04,110163.58,2.49779
Coinbase,BTC-USD,109892.88,2025-11-01 22:05:42.717511+00:00,109892.88,109892.89,1679.95503649
Binance,BTC-USD,110164.82,2025-11-01 22:05:43.092000+00:00,109858.04,110163.5,2.49779
Coinbase,BTC-USD,109892.89,2025-11-01 22:05:43.794923+00:00,109892.88,109892.89,1679.95569815
Coinbase,BTC-USD,109892.89,2025-11-01 22:05:43.794923+00:00,109892.88,109892.89,1679.95570671
Coinbase,BTC-USD,109892.89,2025-11-01 22:05:43.794923+00:00,109892.88,109892.89,1679.95701079
Binance,BTC-USD,110164.82,2025-11-01 22:05:43.866000+00:00,109858.04,110163.44,2.49779
Bitstamp,BTC-USD,109885.0,2025-11-01 22:05:44+00:00,0.0,0.0,5.31e-06
Coinbase,BTC-USD,109892.88,2025-11-01 22:05:44.654685+00:00,109892.88,109892.89,1679.95747015
Binance,BTC-USD,110164.82,2025-11-01 22:05:44.967000+00:00,109858.04,110163.42,2.49779
Coinbase,BTC-USD,109892.89,2025-11-01 22:05:45.160305+00:00,109892.88,109892.89,1679.95923878
Bitstamp,BTC-USD,109885.0,2025-11-01 22:05:45+00:00,0.0,0.0,0.00117
Coinbase,BTC-USD,109892.89,2025-11-01 22:05:45.574241+00:00,109892.88,109893.5,1679.95924734
Coinbase,BTC-USD,109893.5,2025-11-01 22:05:45.574241+00:00,109892.88,109896.96,1679.96015693
Coinbase,BTC-USD,109896.96,2025-11-01 22:05:45.628128+00:00,109896.95,109896.96,1679.96052785
Coinbase,BTC-USD,109896.96,2025-11-01 22:05:45.628948+00:00,109896.95,109897.2,1679.98193695
Coinbase,BTC-USD,109897.2,2025-11-01 22:05:45.628948+00:00,109896.95,109900.0,1679.98194795
Coinbase,BTC-USD,109900.0,2025-11-01 22:05:45.684083+00:00,109899.99,109900.41,1679.98744795
Coinbase,BTC-USD,109900.41,2025-11-01 22:05:45.684326+00:00,109900.0,109901.64,1679.98746261
Coinbase,BTC-USD,109901.64,2025-11-01 22:05:45.687979+00:00,109901.56,109902.24,1679.98764453
Bitstamp,BTC-USD,109885.0,2025-11-01 22:05:45+00:00,0.0,0.0,0.1
Coinbase,BTC-USD,109902.24,2025-11-01 22:05:45.751706+00:00,109902.23,109907.28,1679.98765553
Coinbase,BTC-USD,109907.28,2025-11-01 22:05:45.751706+00:00,109902.23,109909.47,1679.98766653
Coinbase,BTC-USD,109909.47,2025-11-01 22:05:45.751706+00:00,109902.23,109910.89,1679.98857601
Coinbase,BTC-USD,109910.89,2025-11-01 22:05:45.751706+00:00,109902.23,109910.89,1679.98949136
Coinbase,BTC-USD,109909.47,2025-11-01 22:05:45.804404+00:00,109909.46,109910.48,1679.99040077
Coinbase,BTC-USD,109910.48,2025-11-01 22:05:45.804404+00:00,109909.46,109910.48,1680.00880196
Coinbase,BTC-USD,109912.06,2025-11-01 22:05:46.002321+00:00,109912.05,109912.06,1680.00914322
Coinbase,BTC-USD,109912.06,2025-11-01 22:05:46.002321+00:00,109912.05,109912.32,1680.00948448
Coinbase,BTC-USD,109912.32,2025-11-01 22:05:46.002321+00:00,109912.05,109914.08,1680.00949548
Coinbase,BTC-USD,109914.08,2025-11-01 22:05:46.002321+00:00,109912.05,109914.08,1680.01334643
Binance,BTC-USD,110164.82,2025-11-01 22:05:46.088000+00:00,109858.07,110163.28,2.49779
Coinbase,BTC-USD,109917.36,2025-11-01 22:05:46.288481+00:00,109917.35,109917.36,1680.01335743
Coinbase,BTC-USD,109917.36,2025-11-01 22:05:46.288481+00:00,109917.35,109917.36,1680.01353634
Binance,BTC-USD,110164.82,2025-11-01 22:05:46.167000+00:00,109858.07,110163.27,2.49779
Coinbase,BTC-USD,109916.17,2025-11-01 22:05:47.129976+00:00,109916.16,109916.17,1680.01442064
Bitstamp,BTC-USD,109891.0,2025-11-01 22:05:47+00:00,0.0,0.0,0.00087
Coinbase,BTC-USD,109916.17,2025-11-01 22:05:47.325091+00:00,109916.16,109916.17,1680.01552601
Coinbase,BTC-USD,109916.17,2025-11-01 22:05:47.658314+00:00,109916.16,109916.17,1680.01578376
Binance,BTC-USD,110164.82,2025-11-01 22:05:47.669000+00:00,109858.07,110163.21,2.49779
Coinbase,BTC-USD,109915.1,2025-11-01 22:05:48.194445+00:00,109915.1,109915.11,1680.01745514
Binance,BTC-USD,110164.82,2025-11-01 22:05:48.870000+00:00,109858.07,110163.19,2.49779
Coinbase,BTC-USD,109915.11,2025-11-01 22:05:49.165655+00:00,109915.1,109915.11,1680.01836454
Coinbase,BTC-USD,109915.11,2025-11-01 22:05:49.165655+00:00,109915.1,109915.11,1680.02982648
Coinbase,BTC-USD,109915.12,2025-11-01 22:05:49.197602+00:00,109915.11,109915.12,1680.05712026
Coinbase,BTC-USD,109915.12,2025-11-01 22:05:49.197602+00:00,109915.11,109917.36,1680.05802969
Coinbase,BTC-USD,109917.36,2025-11-01 22:05:49.197602+00:00,109915.11,109917.94,1680.05803527
Coinbase,BTC-USD,109917.94,2025-11-01 22:05:49.197602+00:00,109915.11,109917.94,1680.07282648
Binance,BTC-USD,110164.82,2025-11-01 22:05:50.070000+00:00,109858.07,110163.1,2.49779
Coinbase,BTC-USD,109916.81,2025-11-01 22:05:50.245434+00:00,109916.8,109916.97,1680.07373591
Coinbase,BTC-USD,109916.97,2025-11-01 22:05:50.245434+00:00,109916.8,109916.97,1680.07458287
Binance,BTC-USD,110163.08,2025-11-01 22:05:51.071000+00:00,109858.07,110163.04,2.49823
Coinbase,BTC-USD,109916.97,2025-11-01 22:05:51.885816+00:00,109916.96,109916.97,1680.07484854
Binance,BTC-USD,110163.08,2025-11-01 22:05:52.125000+00:00,109858.07,110163.03,2.49823
Binance,BTC-USD,110163.08,2025-11-01 22:05:53.090000+00:00,109858.08,110163.02,2.49823
Coinbase,BTC-USD,109916.97,2025-11-01 22:05:53.981360+00:00,109916.96,109916.97,1679.32777495
Binance,BTC-USD,110163.08,2025-11-01 22:05:53.974000+00:00,109858.08,110162.96,2.49823
Coinbase,BTC-USD,109916.97,2025-11-01 22:05:54.974082+00:00,109916.96,109916.97,1679.32790663
Coinbase,BTC-USD,109916.97,2025-11-01 22:05:55.018615+00:00,109916.96,109916.97,1679.32837553
Coinbase,BTC-USD,109916.97,2025-11-01 22:05:55.018615+00:00,109916.96,109916.97,1679.32925765
Binance,BTC-USD,110163.08,2025-11-01 22:05:55.049000+00:00,109858.1,110162.96,2.49823
Coinbase,BTC-USD,109916.97,2025-11-01 22:05:55.224198+00:00,109916.96,109916.97,1679.32970799
Coinbase,BTC-USD,109916.97,2025-11-01 22:05:55.638323+00:00,109916.96,109916.97,1679.3297401
Coinbase,BTC-USD,109916.97,2025-11-01 22:05:55.906405+00:00,109916.96,109916.97,1679.33018215
Binance,BTC-USD,110163.08,2025-11-01 22:05:56.075000+00:00,109858.1,110162.91,2.49823
Coinbase,BTC-USD,109916.97,2025-11-01 22:05:56.856588+00:00,109916.96,109916.97,1679.33108283
Coinbase,BTC-USD,109916.97,2025-11-01 22:05:56.994332+00:00,109916.96,109916.97,1679.33152488
Coinbase,BTC-USD,109916.96,2025-11-01 22:05:56.995461+00:00,109916.96,109916.97,1679.33154225
Coinbase,BTC-USD,109916.97,2025-11-01 22:05:57.005048+00:00,109916.96,109916.97,1679.3319843
Coinbase,BTC-USD,109916.97,2025-11-01 22:05:57.136789+00:00,109916.96,109916.97,1679.33209254
Binance,BTC-USD,110163.08,2025-11-01 22:05:56.775000+00:00,109858.1,110162.89,2.49823
Coinbase,BTC-USD,109916.97,2025-11-01 22:05:57.356899+00:00,109916.96,109916.97,1679.33210928
Coinbase,BTC-USD,109916.97,2025-11-01 22:05:57.385825+00:00,109916.96,109916.97,1679.3322593
Coinbase,BTC-USD,109916.96,2025-11-01 22:05:57.519495+00:00,109916.96,109916.97,1679.33234122
Coinbase,BTC-USD,109916.97,2025-11-01 22:05:58.116048+00:00,109916.96,109916.97,1679.33237725
Binance,BTC-USD,110163.08,2025-11-01 22:05:57.977000+00:00,109858.1,110162.87,2.49823
Coinbase,BTC-USD,109916.97,2025-11-01 22:05:58.547663+00:00,109916.96,109919.94,1679.33238879
Coinbase,BTC-USD,109919.94,2025-11-01 22:05:58.547663+00:00,109916.96,109919.94,1679.33251235
Coinbase,BTC-USD,109919.94,2025-11-01 22:05:58.574910+00:00,109919.93,109919.94,1679.33264745
Coinbase,BTC-USD,109919.94,2025-11-01 22:05:58.601777+00:00,109919.93,109919.94,1679.33282759
Coinbase,BTC-USD,109919.94,2025-11-01 22:05:58.690674+00:00,109919.93,109920.36,1679.33329816
Coinbase,BTC-USD,109920.36,2025-11-01 22:05:58.690674+00:00,109919.93,109920.36,1679.3336394
Coinbase,BTC-USD,109920.36,2025-11-01 22:05:58.690674+00:00,109919.93,109920.36,1679.33398064
Coinbase,BTC-USD,109920.36,2025-11-01 22:05:58.690674+00:00,109919.93,109920.36,1679.33412196
Coinbase,BTC-USD,109920.11,2025-11-01 22:05:58.748038+00:00,109920.1,109920.36,1679.33503133
Coinbase,BTC-USD,109920.36,2025-11-01 22:05:58.748038+00:00,109920.1,109920.36,1679.33523125
Coinbase,BTC-USD,109920.36,2025-11-01 22:05:58.748038+00:00,109920.1,109920.36,1679.33557249
Coinbase,BTC-USD,109920.36,2025-11-01 22:05:58.748038+00:00,109920.1,109920.36,1679.33591373
Coinbase,BTC-USD,109920.36,2025-11-01 22:05:58.748038+00:00,109920.1,109922.4,1679.33625497
Coinbase,BTC-USD,109922.4,2025-11-01 22:05:58.748038+00:00,109920.1,109924.82,1679.33626597
Coinbase,BTC-USD,109924.82,2025-11-01 22:05:58.748038+00:00,109920.1,109924.82,1679.33633219
Coinbase,BTC-USD,109924.02,2025-11-01 22:05:58.930899+00:00,109924.01,109924.02,1679.33655322
Coinbase,BTC-USD,109924.02,2025-11-01 22:05:59.005361+00:00,109924.01,109924.02,1679.33677425
Coinbase,BTC-USD,109924.02,2025-11-01 22:05:59.020750+00:00,109924.01,109924.02,1679.33678682
Coinbase,BTC-USD,109924.02,2025-11-01 22:05:59.134773+00:00,109924.01,109924.02,1679.33687464
Coinbase,BTC-USD,109924.02,2025-11-01 22:05:59.138927+00:00,109924.01,109924.02,1679.33688815
Coinbase,BTC-USD,109924.02,2025-11-01 22:05:59.159808+00:00,109924.01,109924.78,1679.33724156
Coinbase,BTC-USD,109924.78,2025-11-01 22:05:59.159808+00:00,109924.01,109924.78,1679.33731958
Binance,BTC-USD,110163.08,2025-11-01 22:05:59.104000+00:00,109858.1,110162.84,2.49823
Coinbase,BTC-USD,109924.02,2025-11-01 22:05:59.202317+00:00,109924.01,109924.78,1679.33822895
Coinbase,BTC-USD,109924.78,2025-11-01 22:05:59.202317+00:00,109924.01,109924.78,1679.33952985
Coinbase,BTC-USD,109924.02,2025-11-01 22:05:59.227171+00:00,109924.01,109924.78,1679.34043922
Coinbase,BTC-USD,109924.78,2025-11-01 22:05:59.227171+00:00,109924.01,109924.78,1679.34129804
Coinbase,BTC-USD,109924.02,2025-11-01 22:05:59.595663+00:00,109924.01,109924.02,1679.34138811
Coinbase,BTC-USD,109924.02,2025-11-01 22:05:59.613555+00:00,109924.01,109924.02,1679.34183016
Coinbase,BTC-USD,109924.02,2025-11-01 22:06:00.125952+00:00,109924.01,109924.02,1679.34220741
Coinbase,BTC-USD,109924.02,2025-11-01 22:06:00.125952+00:00,109924.01,109924.02,1679.34221597
Coinbase,BTC-USD,109924.02,2025-11-01 22:06:00.125952+00:00,109924.01,109924.02,1679.34359837
Binance,BTC-USD,110163.08,2025-11-01 22:06:00.111000+00:00,109858.1,110162.77,2.49823
Coinbase,BTC-USD,109924.02,2025-11-01 22:06:00.424172+00:00,109924.01,109924.02,1679.34382354
Coinbase,BTC-USD,109924.02,2025-11-01 22:06:00.628329+00:00,109924.01,109924.02,1679.34429207
Coinbase,BTC-USD,109924.02,2025-11-01 22:06:00.637749+00:00,109924.01,109924.02,1679.34875549
Coinbase,BTC-USD,109924.02,2025-11-01 22:06:00.860366+00:00,109924.01,109924.02,1679.3496396
Coinbase,BTC-USD,109924.02,2025-11-01 22:06:00.877592+00:00,109924.01,109924.02,1679.34985531
Coinbase,BTC-USD,109924.02,2025-11-01 22:06:00.894032+00:00,109924.01,109924.02,1679.35007634
Binance,BTC-USD,110163.08,2025-11-01 22:06:00.979000+00:00,109858.1,110162.71,2.49823
Coinbase,BTC-USD,109924.02,2025-11-01 22:06:01.313513+00:00,109924.01,109924.02,1679.35024639
Coinbase,BTC-USD,109924.02,2025-11-01 22:06:01.342825+00:00,109924.01,109924.02,1679.35069673
Coinbase,BTC-USD,109924.01,2025-11-01 22:06:01.776640+00:00,109920.1,109924.02,1679.35071128
Coinbase,BTC-USD,109920.1,2025-11-01 22:06:01.776640+00:00,109920.1,109924.02,1679.35071228
Coinbase,BTC-USD,109920.1,2025-11-01 22:06:01.776640+00:00,109920.1,109924.02,1679.35134913
Coinbase,BTC-USD,109919.96,2025-11-01 22:06:01.825300+00:00,109916.96,109919.96,1679.35232127
Coinbase,BTC-USD,109916.97,2025-11-01 22:06:01.843704+00:00,109916.96,109916.97,1679.35453154
Coinbase,BTC-USD,109916.96,2025-11-01 22:06:01.969273+00:00,109916.96,109916.97,1679.35653154
Coinbase,BTC-USD,109916.97,2025-11-01 22:06:02.176820+00:00,109916.96,109916.97,1679.35679679
Binance,BTC-USD,110163.08,2025-11-01 22:06:01.880000+00:00,109858.1,110162.67,2.49823
Coinbase,BTC-USD,109916.97,2025-11-01 22:06:02.355824+00:00,109916.96,109916.97,1679.35745963
Coinbase,BTC-USD,109916.97,2025-11-01 22:06:02.496869+00:00,109916.96,109916.97,1679.35768066
Coinbase,BTC-USD,109916.97,2025-11-01 22:06:02.530345+00:00,109916.96,109916.97,1679.35812271
Coinbase,BTC-USD,109916.97,2025-11-01 22:06:02.581347+00:00,109916.96,109916.97,1679.35902339
Coinbase,BTC-USD,109916.97,2025-11-01 22:06:02.638020+00:00,109916.96,109916.97,1679.35915597
Coinbase,BTC-USD,109916.97,2025-11-01 22:06:02.884654+00:00,109916.96,109916.97,1679.359377
Coinbase,BTC-USD,109916.97,2025-11-01 22:06:03.097886+00:00,109916.96,109916.97,1679.35946707
Binance,BTC-USD,110163.08,2025-11-01 22:06:03.081000+00:00,109858.12,110162.67,2.49823
Coinbase,BTC-USD,109916.97,2025-11-01 22:06:03.281309+00:00,109916.96,109916.97,1679.3598985
Coinbase,BTC-USD,109916.97,2025-11-01 22:06:03.480854+00:00,109916.96,109916.97,1679.36011953
Coinbase,BTC-USD,109916.97,2025-11-01 22:06:03.488229+00:00,109916.96,109916.97,1679.36620555
Coinbase,BTC-USD,109916.97,2025-11-01 22:06:03.543028+00:00,109916.96,109916.97,1679.36710623
Coinbase,BTC-USD,109916.97,2025-11-01 22:06:03.592777+00:00,109916.96,109916.97,1679.36728637
Coinbase,BTC-USD,109916.96,2025-11-01 22:06:03.627991+00:00,109916.96,109916.97,1679.37487378
Coinbase,BTC-USD,109916.96,2025-11-01 22:06:03.627991+00:00,109916.96,109916.97,1679.37492414
Coinbase,BTC-USD,109916.96,2025-11-01 22:06:03.627991+00:00,109916.47,109916.97,1679.37493551
Coinbase,BTC-USD,109916.47,2025-11-01 22:06:03.637876+00:00,109915.11,109916.48,1679.40222862
Coinbase,BTC-USD,109915.12,2025-11-01 22:06:03.799223+00:00,109915.11,109915.12,1679.40245379
Coinbase,BTC-USD,109915.12,2025-11-01 22:06:03.982110+00:00,109915.11,109915.12,1679.40466406
Binance,BTC-USD,110163.08,2025-11-01 22:06:03.982000+00:00,109858.12,110162.63,2.49823
Coinbase,BTC-USD,109915.12,2025-11-01 22:06:04.685951+00:00,109915.11,109915.12,1679.40643227
Coinbase,BTC-USD,109915.12,2025-11-01 22:06:05.120440+00:00,109915.11,109915.12,1679.41074689
Binance,BTC-USD,110163.08,2025-11-01 22:06:05.006000+00:00,109858.12,110162.57,2.49823
Coinbase,BTC-USD,109915.12,2025-11-01 22:06:05.240324+00:00,109915.11,109915.12,1679.41118894
Coinbase,BTC-USD,109915.11,2025-11-01 22:06:05.518103+00:00,109915.11,109915.12,1679.41155012
Coinbase,BTC-USD,109915.11,2025-11-01 22:06:05.518103+00:00,109915.11,109915.12,1679.41155039
Coinbase,BTC-USD,109915.11,2025-11-01 22:06:05.518103+00:00,109915.1,109915.12,1679.43884359
Coinbase,BTC-USD,109915.1,2025-11-01 22:06:05.518103+00:00,109910.73,109915.12,1679.46611008
Coinbase,BTC-USD,109910.73,2025-11-01 22:06:05.563270+00:00,109907.28,109910.74,1679.53888194
Coinbase,BTC-USD,109907.29,2025-11-01 22:06:05.947302+00:00,109907.28,109907.29,1679.53910103
Binance,BTC-USD,110162.57,2025-11-01 22:06:05.382000+00:00,109858.12,110162.57,2.49846
Coinbase,BTC-USD,109907.29,2025-11-01 22:06:06.203969+00:00,109907.28,109907.29,1679.53914381
Coinbase,BTC-USD,109907.28,2025-11-01 22:06:06.693324+00:00,109907.28,109907.29,1679.53915481
Coinbase,BTC-USD,109907.28,2025-11-01 22:06:06.693324+00:00,109907.28,109907.29,1679.55059459
Coinbase,BTC-USD,109907.28,2025-11-01 22:06:06.722815+00:00,109907.28,109907.29,1679.55065748
Binance,BTC-USD,110162.57,2025-11-01 22:06:07.183000+00:00,109858.12,110162.53,2.49846
Coinbase,BTC-USD,109907.29,2025-11-01 22:06:07.566440+00:00,109907.28,109907.29,1679.55074376
Binance,BTC-USD,110162.57,2025-11-01 22:06:08.131000+00:00,109858.15,110162.45,2.49846
Coinbase,BTC-USD,109907.29,2025-11-01 22:06:08.350607+00:00,109907.28,109907.29,1679.5509239
Coinbase,BTC-USD,109907.29,2025-11-01 22:06:08.871918+00:00,109907.28,109907.29,1679.55128418
Binance,BTC-USD,110162.57,2025-11-01 22:06:09.284000+00:00,109858.15,110162.44,2.49846
Binance,BTC-USD,110162.57,2025-11-01 22:06:09.494000+00:00,109858.15,110162.43,2.49846
Coinbase,BTC-USD,109907.29,2025-11-01 22:06:10.350267+00:00,109907.28,109907.29,1679.55160347
Coinbase,BTC-USD,109907.28,2025-11-01 22:06:10.547091+00:00,109907.28,109907.29,1679.55232226
Binance,BTC-USD,110162.57,2025-11-01 22:06:11.287000+00:00,109858.15,110162.41,2.49846
Coinbase,BTC-USD,109908.02,2025-11-01 22:06:12.138668+00:00,109908.01,109908.02,1679.55344429
Binance,BTC-USD,110162.57,2025-11-01 22:06:12.287000+00:00,109858.15,110162.33,2.49846
Coinbase,BTC-USD,109908.01,2025-11-01 22:06:12.384547+00:00,109907.28,109908.02,1679.62621636
Coinbase,BTC-USD,109907.28,2025-11-01 22:06:12.384547+00:00,109907.28,109908.02,1679.64816238
Coinbase,BTC-USD,109907.29,2025-11-01 22:06:12.387844+00:00,109907.29,109908.02,1679.68888088
Coinbase,BTC-USD,109907.29,2025-11-01 22:06:12.387844+00:00,109907.29,109908.02,1679.69996491
Coinbase,BTC-USD,109907.28,2025-11-01 22:06:12.388477+00:00,109902.24,109908.02,1679.7045933
Coinbase,BTC-USD,109902.24,2025-11-01 22:06:12.636501+00:00,109902.24,109902.25,1679.7046043
Coinbase,BTC-USD,109902.24,2025-11-01 22:06:12.636501+00:00,109899.97,109902.25,1679.7896103
Binance,BTC-USD,110162.57,2025-11-01 22:06:13.188000+00:00,109858.14,110162.23,2.49846
Binance,BTC-USD,110162.57,2025-11-01 22:06:14.028000+00:00,109858.15,110162.2,2.49846
Coinbase,BTC-USD,109907.92,2025-11-01 22:06:14.329557+00:00,109904.01,109907.92,1679.78979946
Coinbase,BTC-USD,109903.1,2025-11-01 22:06:14.698996+00:00,109897.2,109903.11,1679.86257931
Coinbase,BTC-USD,109897.2,2025-11-01 22:06:14.709440+00:00,109897.2,109897.21,1679.86259031
Coinbase,BTC-USD,109897.2,2025-11-01 22:06:14.709440+00:00,109897.2,109897.21,1679.86259258
Coinbase,BTC-USD,109897.2,2025-11-01 22:06:14.709440+00:00,109897.2,109897.21,1679.8898872
Coinbase,BTC-USD,109897.2,2025-11-01 22:06:14.709440+00:00,109893.46,109897.21,1679.9753052
Coinbase,BTC-USD,109897.2,2025-11-01 22:06:14.711455+00:00,109893.46,109897.21,1680.04808241
Coinbase,BTC-USD,109893.47,2025-11-01 22:06:14.717796+00:00,109893.46,109893.47,1680.04853241
Coinbase,BTC-USD,109897.2,2025-11-01 22:06:15.111532+00:00,109892.25,109897.21,1680.0758285
Binance,BTC-USD,110162.57,2025-11-01 22:06:15.289000+00:00,109858.14,110162.16,2.49846
Coinbase,BTC-USD,109892.17,2025-11-01 22:06:15.507402+00:00,109892.16,109892.17,1680.07596657
Coinbase,BTC-USD,109892.17,2025-11-01 22:06:16.127712+00:00,109892.16,109892.17,1680.07639657
Coinbase,BTC-USD,109892.17,2025-11-01 22:06:16.295359+00:00,109892.16,109892.17,1680.07855391
Binance,BTC-USD,110162.57,2025-11-01 22:06:16.290000+00:00,109858.14,110162.1,2.49846
Coinbase,BTC-USD,109892.17,2025-11-01 22:06:16.586777+00:00,109892.16,109892.17,1680.07939391
Coinbase,BTC-USD,109892.17,2025-11-01 22:06:16.895561+00:00,109892.16,109892.17,1680.08116228
Coinbase,BTC-USD,109892.16,2025-11-01 22:06:17.012800+00:00,109892.16,109892.17,1680.08116647
Binance,BTC-USD,110162.57,2025-11-01 22:06:17.325000+00:00,109858.14,110161.66,2.49846
Coinbase,BTC-USD,109892.28,2025-11-01 22:06:18.231159+00:00,109892.27,109892.28,1680.08215731
Binance,BTC-USD,110162.57,2025-11-01 22:06:18.192000+00:00,109858.14,110161.6,2.49846
Coinbase,BTC-USD,109892.27,2025-11-01 22:06:18.700447+00:00,109892.16,109892.28,1680.08215858
Coinbase,BTC-USD,109892.16,2025-11-01 22:06:18.700447+00:00,109892.16,109892.28,1680.08216539
Coinbase,BTC-USD,109892.16,2025-11-01 22:06:18.700447+00:00,109892.16,109892.28,1680.08238705
Coinbase,BTC-USD,109892.17,2025-11-01 22:06:18.830426+00:00,109892.16,109892.17,1680.08264593
Coinbase,BTC-USD,109892.17,2025-11-01 22:06:18.889900+00:00,109892.16,109892.17,1680.08308804
Binance,BTC-USD,110162.57,2025-11-01 22:06:19.292000+00:00,109858.14,110161.58,2.49846
Binance,BTC-USD,110162.57,2025-11-01 22:06:20.192000+00:00,109858.15,110161.5,2.49846
Coinbase,BTC-USD,109892.16,2025-11-01 22:06:20.588367+00:00,109892.16,109892.17,1680.11016311
Coinbase,BTC-USD,109892.16,2025-11-01 22:06:20.588367+00:00,109892.16,109892.17,1680.11018629
Coinbase,BTC-USD,109892.16,2025-11-01 22:06:20.588367+00:00,109889.82,109892.17,1680.11024913
Coinbase,BTC-USD,109887.13,2025-11-01 22:06:20.786296+00:00,109887.12,109887.13,1680.11037858
Binance,BTC-USD,110162.57,2025-11-01 22:06:21.294000+00:00,109858.15,110161.49,2.49846
Coinbase,BTC-USD,109887.13,2025-11-01 22:06:22.050941+00:00,109887.12,109887.13,1680.11040492
Binance,BTC-USD,110162.57,2025-11-01 22:06:22.336000+00:00,109858.15,110161.44,2.49846
Coinbase,BTC-USD,109887.13,2025-11-01 22:06:22.544743+00:00,109887.12,109887.13,1680.11261519
Coinbase,BTC-USD,109887.13,2025-11-01 22:06:22.821466+00:00,109887.12,109887.13,1680.11388065
Coinbase,BTC-USD,109887.12,2025-11-01 22:06:22.874049+00:00,109887.12,109887.13,1680.11389165
Coinbase,BTC-USD,109887.12,2025-11-01 22:06:22.874049+00:00,109887.12,109887.13,1680.11389283
Coinbase,BTC-USD,109887.12,2025-11-01 22:06:22.874049+00:00,109887.12,109887.13,1680.13597059
Coinbase,BTC-USD,109887.12,2025-11-01 22:06:22.874049+00:00,109886.9,109887.13,1680.13724835
Coinbase,BTC-USD,109886.9,2025-11-01 22:06:22.874049+00:00,109886.0,109887.13,1680.16454737
Coinbase,BTC-USD,109886.0,2025-11-01 22:06:22.874049+00:00,109884.01,109887.13,1680.18644737
Coinbase,BTC-USD,109884.01,2025-11-01 22:06:22.874049+00:00,109884.0,109887.13,1680.28372727
Coinbase,BTC-USD,109884.0,2025-11-01 22:06:22.874049+00:00,109883.86,109887.13,1680.30562727
Coinbase,BTC-USD,109883.86,2025-11-01 22:06:22.874049+00:00,109883.33,109887.13,1680.32493856
Coinbase,BTC-USD,109883.33,2025-11-01 22:06:22.874049+00:00,109883.33,109887.13,1680.3778018
Coinbase,BTC-USD,109889.83,2025-11-01 22:06:23.064912+00:00,109889.82,109890.98,1680.37783124
Binance,BTC-USD,110162.57,2025-11-01 22:06:23.197000+00:00,109858.15,110161.38,2.49846
Bitstamp,BTC-USD,109889.0,2025-11-01 22:06:23+00:00,0.0,0.0,8.1e-07
Coinbase,BTC-USD,109897.2,2025-11-01 22:06:23.750831+00:00,109897.19,109897.2,1680.37788794
Coinbase,BTC-USD,109897.2,2025-11-01 22:06:23.750831+00:00,109897.19,109900.97,1680.38533794
Coinbase,BTC-USD,109900.97,2025-11-01 22:06:23.750831+00:00,109897.19,109902.0,1680.38624745
Coinbase,BTC-USD,109902.0,2025-11-01 22:06:23.750831+00:00,109897.19,109902.0,1680.40348326
Coinbase,BTC-USD,109900.26,2025-11-01 22:06:23.817617+00:00,109900.26,109901.08,1680.40349188
Binance,BTC-USD,110162.57,2025-11-01 22:06:24.337000+00:00,109858.17,110161.38,2.49846
Bitstamp,BTC-USD,109889.0,2025-11-01 22:06:24+00:00,0.0,0.0,2.675e-05
Binance,BTC-USD,110162.57,2025-11-01 22:06:24.394000+00:00,109858.18,110161.38,2.49846
Coinbase,BTC-USD,109900.27,2025-11-01 22:06:25.697445+00:00,109900.26,109902.24,1680.40350523
Coinbase,BTC-USD,109902.24,2025-11-01 22:06:25.697445+00:00,109900.26,109906.0,1680.40351623
Coinbase,BTC-USD,109906.0,2025-11-01 22:06:25.697445+00:00,109900.26,109906.0,1680.4035797
Coinbase,BTC-USD,109906.0,2025-11-01 22:06:26.144423+00:00,109905.99,109906.0,1680.40380961
Binance,BTC-USD,110162.57,2025-11-01 22:06:26.297000+00:00,109858.18,110161.32,2.49846
Coinbase,BTC-USD,109905.99,2025-11-01 22:06:26.509659+00:00,109905.99,109906.0,1680.40381206
Coinbase,BTC-USD,109906.0,2025-11-01 22:06:26.840472+00:00,109905.99,109906.0,1680.40442991
Coinbase,BTC-USD,109906.0,2025-11-01 22:06:27.137967+00:00,109905.99,109906.0,1680.40502547
Binance,BTC-USD,110162.57,2025-11-01 22:06:27.356000+00:00,109858.18,110161.27,2.49846
Coinbase,BTC-USD,109905.99,2025-11-01 22:06:27.510013+00:00,109905.99,109906.0,1680.40516085
Binance,BTC-USD,110162.57,2025-11-01 22:06:28.299000+00:00,109858.18,110161.2,2.49846
Coinbase,BTC-USD,109905.99,2025-11-01 22:06:28.714285+00:00,109905.99,109906.0,1680.40547635
Binance,BTC-USD,110162.57,2025-11-01 22:06:29.076000+00:00,109858.2,110161.15,2.49846
Coinbase,BTC-USD,109905.99,2025-11-01 22:06:29.471787+00:00,109905.99,109906.0,1680.43304537
Bitstamp,BTC-USD,109889.0,2025-11-01 22:06:29+00:00,0.0,0.0,9.023e-05
Binance,BTC-USD,110162.57,2025-11-01 22:06:30.364000+00:00,109858.21,110161.13,2.49846
Coinbase,BTC-USD,109906.0,2025-11-01 22:06:30.576996+00:00,109905.99,109906.0,1680.43326643
Coinbase,BTC-USD,109906.0,2025-11-01 22:06:30.929085+00:00,109905.99,109906.0,1680.43703503
Coinbase,BTC-USD,109906.0,2025-11-01 22:06:30.929085+00:00,109905.99,109906.0,1680.43704082
Coinbase,BTC-USD,109906.0,2025-11-01 22:06:30.929085+00:00,109905.99,109906.0,1680.43795031
Coinbase,BTC-USD,109906.0,2025-11-01 22:06:30.929085+00:00,109905.99,109907.28,1680.43826978
Coinbase,BTC-USD,109907.28,2025-11-01 22:06:30.929085+00:00,109905.99,109909.53,1680.43828078
Coinbase,BTC-USD,109909.53,2025-11-01 22:06:30.932996+00:00,109906.0,109912.32,1680.44085535
Coinbase,BTC-USD,109912.32,2025-11-01 22:06:30.934014+00:00,109909.53,109913.67,1680.44086635
Coinbase,BTC-USD,109913.67,2025-11-01 22:06:30.934555+00:00,109909.53,109913.68,1680.45448479
Coinbase,BTC-USD,109913.68,2025-11-01 22:06:30.934555+00:00,109909.53,109913.68,1680.45549754
Coinbase,BTC-USD,109913.68,2025-11-01 22:06:30.934655+00:00,109909.53,109914.6,1680.4762615
Coinbase,BTC-USD,109914.6,2025-11-01 22:06:30.935254+00:00,109909.53,109914.6,1680.47660275
Coinbase,BTC-USD,109914.6,2025-11-01 22:06:30.935254+00:00,109909.53,109914.6,1680.476944
Coinbase,BTC-USD,109914.6,2025-11-01 22:06:30.935254+00:00,109909.53,109917.36,1680.47728525
Coinbase,BTC-USD,109917.36,2025-11-01 22:06:30.977458+00:00,109917.35,109918.75,1680.47729625
Coinbase,BTC-USD,109918.75,2025-11-01 22:06:30.977458+00:00,109917.35,109919.64,1680.47820563
Coinbase,BTC-USD,109919.64,2025-11-01 22:06:30.977733+00:00,109918.75,109919.64,1680.47854687
Coinbase,BTC-USD,109919.64,2025-11-01 22:06:30.977733+00:00,109918.75,109919.64,1680.47888811
Coinbase,BTC-USD,109919.64,2025-11-01 22:06:30.977733+00:00,109918.75,109919.64,1680.47922935
Coinbase,BTC-USD,109919.64,2025-11-01 22:06:30.977733+00:00,109918.75,109919.64,1680.47957059
Coinbase,BTC-USD,109919.64,2025-11-01 22:06:30.977733+00:00,109918.75,109920.6,1680.47991183
Coinbase,BTC-USD,109920.6,2025-11-01 22:06:30.977733+00:00,109918.75,109922.4,1680.48025307
Coinbase,BTC-USD,109922.4,2025-11-01 22:06:30.978179+00:00,109920.6,109925.85,1680.48026407
Coinbase,BTC-USD,109925.85,2025-11-01 22:06:31.001171+00:00,109925.84,109927.44,1680.48049156
Coinbase,BTC-USD,109927.44,2025-11-01 22:06:31.001171+00:00,109925.84,109929.54,1680.48050256
Coinbase,BTC-USD,109929.54,2025-11-01 22:06:31.001171+00:00,109925.84,109929.72,1680.48305138
Coinbase,BTC-USD,109929.72,2025-11-01 22:06:31.001171+00:00,109925.84,109929.72,1680.48526742
Coinbase,BTC-USD,109926.78,2025-11-01 22:06:31.001673+00:00,109926.78,109929.72,1680.48571742
Bitstamp,BTC-USD,109895.0,2025-11-01 22:06:31+00:00,0.0,0.0,0.14171876
Bitstamp,BTC-USD,109897.0,2025-11-01 22:06:31+00:00,0.0,0.0,0.00090979
Coinbase,BTC-USD,109930.72,2025-11-01 22:06:31.323497+00:00,109930.71,109932.36,1680.49317974
Coinbase,BTC-USD,109932.36,2025-11-01 22:06:31.323497+00:00,109930.71,109932.36,1680.49898012
Binance,BTC-USD,110162.57,2025-11-01 22:06:31.401000+00:00,109858.21,110161.11,2.49846
Bitstamp,BTC-USD,109897.0,2025-11-01 22:06:31+00:00,0.0,0.0,0.08848707
Bitstamp,BTC-USD,109897.0,2025-11-01 22:06:31+00:00,0.0,0.0,0.00319499
Bitstamp,BTC-USD,109897.0,2025-11-01 22:06:31+00:00,0.0,0.0,0.00981779
Bitstamp,BTC-USD,109918.0,2025-11-01 22:06:31+00:00,0.0,0.0,0.00793744
Bitstamp,BTC-USD,109918.0,2025-11-01 22:06:31+00:00,0.0,0.0,0.01
Bitstamp,BTC-USD,109918.0,2025-11-01 22:06:32+00:00,0.0,0.0,0.01
Bitstamp,BTC-USD,109918.0,2025-11-01 22:06:32+00:00,0.0,0.0,0.01
Binance,BTC-USD,110162.57,2025-11-01 22:06:32.001000+00:00,109858.22,110161.09,2.49846
Coinbase,BTC-USD,109932.47,2025-11-01 22:06:32.549568+00:00,109929.24,109932.48,1680.57173554
Coinbase,BTC-USD,109929.24,2025-11-01 22:06:32.628524+00:00,109929.24,109929.25,1680.61646839
Coinbase,BTC-USD,109929.24,2025-11-01 22:06:32.628524+00:00,109925.84,109929.25,1680.68922381
Coinbase,BTC-USD,109925.84,2025-11-01 22:06:32.635440+00:00,109925.59,109925.85,1680.69120192
Coinbase,BTC-USD,109925.59,2025-11-01 22:06:32.635732+00:00,109922.0,109925.85,1680.71849212
Bitstamp,BTC-USD,109919.0,2025-11-01 22:06:32+00:00,0.0,0.0,0.00298
Binance,BTC-USD,110162.57,2025-11-01 22:06:33.003000+00:00,109858.24,110161.11,2.49846
Coinbase,BTC-USD,109921.98,2025-11-01 22:06:33.427870+00:00,109921.98,109921.99,1680.73018629
Coinbase,BTC-USD,109920.88,2025-11-01 22:06:33.467607+00:00,109916.1,109920.89,1680.73382498
Bitstamp,BTC-USD,109918.0,2025-11-01 22:06:33+00:00,0.0,0.0,0.01
Binance,BTC-USD,110162.57,2025-11-01 22:06:34.403000+00:00,109858.24,110161.06,2.49846
Coinbase,BTC-USD,109914.04,2025-11-01 22:06:34.755696+00:00,109914.04,109914.05,1680.73400874
Binance,BTC-USD,110162.57,2025-11-01 22:06:35.304000+00:00,109858.26,110160.99,2.49846
Coinbase,BTC-USD,109914.05,2025-11-01 22:06:35.496481+00:00,109914.04,109914.05,1680.75633874
Binance,BTC-USD,110162.57,2025-11-01 22:06:36.305000+00:00,109858.26,110160.94,2.49846
Coinbase,BTC-USD,109914.04,2025-11-01 22:06:36.983624+00:00,109914.04,109914.05,1680.75860493
Binance,BTC-USD,110162.57,2025-11-01 22:06:37.405000+00:00,109858.26,110160.98,2.49846
Bitstamp,BTC-USD,109919.0,2025-11-01 22:06:37+00:00,0.0,0.0,0.00013393
Binance,BTC-USD,110162.57,2025-11-01 22:06:38.306000+00:00,109858.26,110160.82,2.49846
Coinbase,BTC-USD,109914.05,2025-11-01 22:06:38.501797+00:00,109914.04,109914.05,1680.75886566
Binance,BTC-USD,110162.57,2025-11-01 22:06:39.407000+00:00,109858.26,110160.79,2.49846
Coinbase,BTC-USD,109914.05,2025-11-01 22:06:39.501660+00:00,109914.04,109914.05,1680.75923489
Coinbase,BTC-USD,109914.04,2025-11-01 22:06:40.272444+00:00,109914.04,109914.05,1680.78110593
Coinbase,BTC-USD,109914.04,2025-11-01 22:06:40.272555+00:00,109914.04,109914.05,1680.78407651
Coinbase,BTC-USD,109914.04,2025-11-01 22:06:40.272555+00:00,109914.04,109914.05,1680.78411174
Coinbase,BTC-USD,109914.04,2025-11-01 22:06:40.272555+00:00,109914.04,109914.05,1680.78413494
Coinbase,BTC-USD,109914.04,2025-11-01 22:06:40.272555+00:00,109914.04,109914.05,1680.83240883
Coinbase,BTC-USD,109914.04,2025-11-01 22:06:40.273086+00:00,109914.04,109914.05,1680.84758958
Coinbase,BTC-USD,109914.04,2025-11-01 22:06:40.273230+00:00,109911.73,109914.05,1680.85690404
Coinbase,BTC-USD,109911.72,2025-11-01 22:06:40.283429+00:00,109909.82,109911.73,1680.90122982
Coinbase,BTC-USD,109909.82,2025-11-01 22:06:40.283429+00:00,109905.99,109911.73,1680.90867982
Binance,BTC-USD,110162.57,2025-11-01 22:06:40.314000+00:00,109858.26,110160.75,2.49846
Bitstamp,BTC-USD,109913.0,2025-11-01 22:06:40+00:00,0.0,0.0,0.00090981
Binance,BTC-USD,110162.57,2025-11-01 22:06:41.409000+00:00,109858.26,110160.73,2.49846
Coinbase,BTC-USD,109906.0,2025-11-01 22:06:41.557167+00:00,109905.99,109906.0,1680.92201831
Binance,BTC-USD,110162.57,2025-11-01 22:06:42.409000+00:00,109858.26,110160.67,2.49846
Coinbase,BTC-USD,109905.99,2025-11-01 22:06:42.690223+00:00,109903.16,109906.0,1680.92201967
Coinbase,BTC-USD,109903.16,2025-11-01 22:06:42.690223+00:00,109903.16,109906.0,1680.92208726
Coinbase,BTC-USD,109903.17,2025-11-01 22:06:42.835834+00:00,109903.16,109903.17,1680.92374726
Coinbase,BTC-USD,109903.17,2025-11-01 22:06:43.250785+00:00,109903.16,109903.17,1680.93283707
Binance,BTC-USD,110162.57,2025-11-01 22:06:43.309000+00:00,109858.26,110160.62,2.49846
Coinbase,BTC-USD,109905.03,2025-11-01 22:06:44.446274+00:00,109905.02,109910.65,1680.93374653
Coinbase,BTC-USD,109910.65,2025-11-01 22:06:44.446274+00:00,109905.02,109910.65,1680.93557707
Binance,BTC-USD,110162.57,2025-11-01 22:06:43.911000+00:00,109858.26,110160.57,2.49846
Coinbase,BTC-USD,109910.04,2025-11-01 22:06:45.095724+00:00,109910.03,109910.04,1680.93576694
Coinbase,BTC-USD,109908.08,2025-11-01 22:06:45.302309+00:00,109908.08,109909.32,1680.93581673
Coinbase,BTC-USD,109908.09,2025-11-01 22:06:45.436381+00:00,109908.08,109908.09,1680.93697989
Binance,BTC-USD,110162.57,2025-11-01 22:06:45.211000+00:00,109858.26,110160.51,2.49846
Coinbase,BTC-USD,109908.09,2025-11-01 22:06:45.579390+00:00,109908.08,109908.09,1680.93754609
Coinbase,BTC-USD,109908.09,2025-11-01 22:06:45.731778+00:00,109908.08,109908.09,1680.93760975
Binance,BTC-USD,110162.57,2025-11-01 22:06:46.313000+00:00,109858.29,110160.45,2.49846
Coinbase,BTC-USD,109907.18,2025-11-01 22:06:46.626875+00:00,109907.18,109907.19,1680.9378605
Coinbase,BTC-USD,109907.19,2025-11-01 22:06:46.648727+00:00,109907.18,109907.19,1680.93803732
Coinbase,BTC-USD,109907.19,2025-11-01 22:06:47.479043+00:00,109907.18,109907.19,1680.93856787
Binance,BTC-USD,110162.57,2025-11-01 22:06:47.423000+00:00,109858.29,110160.4,2.49846
Coinbase,BTC-USD,109907.19,2025-11-01 22:06:47.611939+00:00,109907.18,109910.22,1680.93876996
Coinbase,BTC-USD,109910.22,2025-11-01 22:06:47.611939+00:00,109907.18,109910.22,1680.94072524
Binance,BTC-USD,110162.57,2025-11-01 22:06:48.313000+00:00,109858.29,110160.35,2.49846
Binance,BTC-USD,110162.57,2025-11-01 22:06:49.414000+00:00,109858.29,110160.27,2.49846
Coinbase,BTC-USD,109908.02,2025-11-01 22:06:49.785057+00:00,109908.01,109908.02,1680.94095043
Coinbase,BTC-USD,109908.01,2025-11-01 22:06:50.352309+00:00,109908.01,109908.02,1680.9412233
Binance,BTC-USD,110162.57,2025-11-01 22:06:49.915000+00:00,109858.3,110160.33,2.49846
Coinbase,BTC-USD,109908.01,2025-11-01 22:06:50.584923+00:00,109908.01,109908.02,1680.94168599
Coinbase,BTC-USD,109908.02,2025-11-01 22:06:50.854968+00:00,109908.01,109910.55,1680.94237026
Coinbase,BTC-USD,109910.55,2025-11-01 22:06:50.854968+00:00,109908.01,109910.55,1680.94358916
Bitstamp,BTC-USD,109914.0,2025-11-01 22:06:51+00:00,0.0,0.0,4.458e-05
Binance,BTC-USD,110162.57,2025-11-01 22:06:51.044000+00:00,109858.34,110160.29,2.49846
Coinbase,BTC-USD,109910.55,2025-11-01 22:06:52.209818+00:00,109910.54,109910.55,1680.94367545
Binance,BTC-USD,110162.57,2025-11-01 22:06:52.417000+00:00,109858.34,110160.25,2.49846
Binance,BTC-USD,110162.57,2025-11-01 22:06:53.417000+00:00,109858.34,110160.23,2.49846
Coinbase,BTC-USD,109910.55,2025-11-01 22:06:54.439145+00:00,109910.54,109910.55,1680.94475421
Binance,BTC-USD,110162.57,2025-11-01 22:06:54.417000+00:00,109858.34,110160.16,2.49846
Coinbase,BTC-USD,109910.55,2025-11-01 22:06:55.113329+00:00,109910.54,109910.55,1680.94495914
Binance,BTC-USD,110162.57,2025-11-01 22:06:55.503000+00:00,109858.36,110160.12,2.49846
Coinbase,BTC-USD,109910.55,2025-11-01 22:06:55.748353+00:00,109910.54,109910.55,1680.94508914
Coinbase,BTC-USD,109910.55,2025-11-01 22:06:55.853578+00:00,109910.54,109910.55,1680.94509059
Binance,BTC-USD,110162.57,2025-11-01 22:06:56.419000+00:00,109858.37,110160.05,2.49846
Coinbase,BTC-USD,109910.54,2025-11-01 22:06:56.881237+00:00,109910.54,109910.55,1680.94541499
Coinbase,BTC-USD,109910.55,2025-11-01 22:06:56.989754+00:00,109910.54,109910.55,1680.95005684
Binance,BTC-USD,110162.57,2025-11-01 22:06:56.820000+00:00,109858.37,110160.03,2.49846
Coinbase,BTC-USD,109910.55,2025-11-01 22:06:57.655434+00:00,109910.54,109910.55,1680.95014529
Coinbase,BTC-USD,109910.54,2025-11-01 22:06:57.704701+00:00,109910.54,109910.55,1680.95051916
Coinbase,BTC-USD,109910.54,2025-11-01 22:06:57.704701+00:00,109907.93,109910.55,1680.95054437
Coinbase,BTC-USD,109907.93,2025-11-01 22:06:57.704701+00:00,109907.48,109910.55,1680.95340758
Coinbase,BTC-USD,109907.48,2025-11-01 22:06:57.704701+00:00,109907.47,109910.55,1680.95522729
Coinbase,BTC-USD,109907.47,2025-11-01 22:06:57.704701+00:00,109907.47,109910.55,1680.95589364
Coinbase,BTC-USD,109907.47,2025-11-01 22:06:57.733981+00:00,109907.46,109907.47,1680.95611468
Coinbase,BTC-USD,109907.47,2025-11-01 22:06:57.948817+00:00,109905.16,109907.47,1680.95702414
Coinbase,BTC-USD,109907.47,2025-11-01 22:06:57.948817+00:00,109905.16,109907.47,1680.96042092
Coinbase,BTC-USD,109904.01,2025-11-01 22:06:58.460249+00:00,109903.75,109904.02,1680.96042474
Coinbase,BTC-USD,109903.75,2025-11-01 22:06:58.460249+00:00,109903.75,109904.02,1680.96047105
Binance,BTC-USD,110162.57,2025-11-01 22:06:58.421000+00:00,109858.38,110159.97,2.49846
Coinbase,BTC-USD,109902.25,2025-11-01 22:06:59.177274+00:00,109902.24,109902.25,1680.96056094
Binance,BTC-USD,110162.57,2025-11-01 22:06:59.322000+00:00,109858.4,110159.97,2.49846
Coinbase,BTC-USD,109902.25,2025-11-01 22:06:59.616102+00:00,109902.24,109902.25,1680.96146167
Coinbase,BTC-USD,109902.25,2025-11-01 22:06:59.832193+00:00,109902.24,109902.25,1680.96588246
Coinbase,BTC-USD,109902.25,2025-11-01 22:06:59.931737+00:00,109902.24,109902.25,1680.96667817
Coinbase,BTC-USD,109902.24,2025-11-01 22:07:00.267191+00:00,109902.24,109902.25,1680.96668917
Coinbase,BTC-USD,109902.24,2025-11-01 22:07:00.267191+00:00,109899.26,109902.25,1680.9666929
Coinbase,BTC-USD,109899.26,2025-11-01 22:07:00.267191+00:00,109899.26,109902.25,1680.96757559
Coinbase,BTC-USD,109902.25,2025-11-01 22:07:00.270492+00:00,109899.26,109902.25,1680.96973302
Coinbase,BTC-USD,109898.58,2025-11-01 22:07:00.394545+00:00,109897.2,109898.59,1681.01567805
Coinbase,BTC-USD,109897.21,2025-11-01 22:07:00.470200+00:00,109897.2,109897.21,1681.01589909
Binance,BTC-USD,110162.57,2025-11-01 22:07:00.423000+00:00,109858.39,110159.88,2.49846
Coinbase,BTC-USD,109897.21,2025-11-01 22:07:01.034195+00:00,109897.2,109897.21,1681.01594413
Coinbase,BTC-USD,109897.2,2025-11-01 22:07:01.171405+00:00,109897.2,109897.21,1681.01594459
Binance,BTC-USD,110162.57,2025-11-01 22:07:01.423000+00:00,109858.4,110159.84,2.49846
Coinbase,BTC-USD,109897.21,2025-11-01 22:07:01.727211+00:00,109897.2,109897.21,1681.01644513
Coinbase,BTC-USD,109897.21,2025-11-01 22:07:02.409580+00:00,109897.2,109897.21,1681.01688721
Coinbase,BTC-USD,109897.21,2025-11-01 22:07:02.539331+00:00,109897.2,109897.21,1681.0169735
Binance,BTC-USD,110162.57,2025-11-01 22:07:02.524000+00:00,109858.4,110159.8,2.49846
Coinbase,BTC-USD,109897.21,2025-11-01 22:07:02.600185+00:00,109897.2,109897.21,1681.01701773
Coinbase,BTC-USD,109897.21,2025-11-01 22:07:02.987826+00:00,109897.2,109897.21,1681.01758033
Coinbase,BTC-USD,109897.21,2025-11-01 22:07:03.031097+00:00,109897.2,109897.21,1681.01801178
Coinbase,BTC-USD,109897.21,2025-11-01 22:07:03.188065+00:00,109897.2,109897.21,1681.01823282
Coinbase,BTC-USD,109897.21,2025-11-01 22:07:03.231818+00:00,109897.2,109897.21,1681.01909581
Coinbase,BTC-USD,109897.21,2025-11-01 22:07:03.279236+00:00,109897.2,109897.21,1681.02044691
Binance,BTC-USD,110162.57,2025-11-01 22:07:03.524000+00:00,109858.4,110159.82,2.49846
Coinbase,BTC-USD,109897.21,2025-11-01 22:07:03.679004+00:00,109897.2,109897.21,1681.02061688
Coinbase,BTC-USD,109897.21,2025-11-01 22:07:03.682561+00:00,109897.2,109897.21,1681.02151768
Coinbase,BTC-USD,109897.21,2025-11-01 22:07:04.127926+00:00,109897.2,109897.21,1681.02152669
Coinbase,BTC-USD,109897.21,2025-11-01 22:07:04.272078+00:00,109897.2,109897.21,1681.02159827
Coinbase,BTC-USD,109897.21,2025-11-01 22:07:04.272078+00:00,109897.2,109897.21,1681.02287779
Coinbase,BTC-USD,109897.21,2025-11-01 22:07:04.296538+00:00,109897.2,109897.21,1681.02292283
Coinbase,BTC-USD,109897.21,2025-11-01 22:07:04.434799+00:00,109897.2,109897.21,1681.02424907
Coinbase,BTC-USD,109897.21,2025-11-01 22:07:04.451587+00:00,109897.2,109897.21,1681.02433584
Binance,BTC-USD,110162.57,2025-11-01 22:07:04.525000+00:00,109858.4,110159.78,2.49846
Coinbase,BTC-USD,109897.21,2025-11-01 22:07:04.550869+00:00,109897.2,109897.21,1681.02522
Coinbase,BTC-USD,109897.21,2025-11-01 22:07:04.574247+00:00,109897.2,109897.21,1681.02544104
Coinbase,BTC-USD,109897.21,2025-11-01 22:07:04.615406+00:00,109897.2,109897.21,1681.02566208
Coinbase,BTC-USD,109897.21,2025-11-01 22:07:04.674657+00:00,109897.2,109897.21,1681.02599827
Coinbase,BTC-USD,109897.21,2025-11-01 22:07:04.709619+00:00,109897.2,109897.21,1681.02688243
Coinbase,BTC-USD,109897.21,2025-11-01 22:07:04.791400+00:00,109897.2,109897.21,1681.02865075
Coinbase,BTC-USD,109897.21,2025-11-01 22:07:04.894556+00:00,109897.2,109897.21,1681.02909283
Coinbase,BTC-USD,109897.21,2025-11-01 22:07:04.904148+00:00,109897.2,109897.21,1681.02931801
Coinbase,BTC-USD,109897.21,2025-11-01 22:07:04.997809+00:00,109897.2,109897.21,1681.0297601
Coinbase,BTC-USD,109897.21,2025-11-01 22:07:05.089926+00:00,109897.2,109897.21,1681.03021047
Coinbase,BTC-USD,109897.21,2025-11-01 22:07:05.119111+00:00,109897.2,109897.21,1681.03029829
Coinbase,BTC-USD,109897.21,2025-11-01 22:07:05.248693+00:00,109897.2,109897.21,1681.03051933
Coinbase,BTC-USD,109897.21,2025-11-01 22:07:05.273704+00:00,109897.2,109897.21,1681.03082769
Coinbase,BTC-USD,109897.21,2025-11-01 22:07:05.313480+00:00,109897.2,109897.21,1681.03087948
Coinbase,BTC-USD,109897.21,2025-11-01 22:07:05.350813+00:00,109897.2,109897.21,1681.03096956
Coinbase,BTC-USD,109897.21,2025-11-01 22:07:05.391998+00:00,109897.2,109897.21,1681.03105738
Coinbase,BTC-USD,109897.21,2025-11-01 22:07:05.477833+00:00,109897.2,109898.59,1681.03120785
Coinbase,BTC-USD,109898.59,2025-11-01 22:07:05.477833+00:00,109897.2,109901.43,1681.03125302
Coinbase,BTC-USD,109901.43,2025-11-01 22:07:05.477833+00:00,109897.2,109901.43,1681.03127842
Binance,BTC-USD,110162.57,2025-11-01 22:07:05.488000+00:00,109858.41,110159.73,2.49846
Coinbase,BTC-USD,109901.43,2025-11-01 22:07:06.401332+00:00,109901.42,109901.43,1681.03136625
Coinbase,BTC-USD,109901.43,2025-11-01 22:07:06.446251+00:00,109901.42,109901.43,1681.0315873
Binance,BTC-USD,110162.57,2025-11-01 22:07:06.527000+00:00,109858.41,110159.23,2.49846
Coinbase,BTC-USD,109901.43,2025-11-01 22:07:06.785296+00:00,109901.42,109901.43,1681.0318968
Coinbase,BTC-USD,109901.43,2025-11-01 22:07:06.926591+00:00,109901.42,109901.43,1681.0321002
Coinbase,BTC-USD,109901.43,2025-11-01 22:07:07.133961+00:00,109901.42,109901.43,1681.03307287
Coinbase,BTC-USD,109901.43,2025-11-01 22:07:07.437413+00:00,109901.42,109901.43,1681.03316069
Binance,BTC-USD,110162.57,2025-11-01 22:07:07.527000+00:00,109858.41,110159.19,2.49846
Bitstamp,BTC-USD,109895.0,2025-11-01 22:07:08+00:00,0.0,0.0,0.00056
Coinbase,BTC-USD,109901.43,2025-11-01 22:07:08.310879+00:00,109901.42,109901.43,1681.03333753
Binance,BTC-USD,110162.57,2025-11-01 22:07:08.431000+00:00,109858.43,110159.13,2.49846
Coinbase,BTC-USD,109901.43,2025-11-01 22:07:08.841737+00:00,109901.42,109901.43,1681.03355859
Coinbase,BTC-USD,109901.43,2025-11-01 22:07:08.949059+00:00,109901.42,109901.43,1681.03424709
Coinbase,BTC-USD,109901.43,2025-11-01 22:07:08.949059+00:00,109901.42,109901.43,1681.03426461
Coinbase,BTC-USD,109901.43,2025-11-01 22:07:08.949059+00:00,109901.42,109901.43,1681.03442169
Coinbase,BTC-USD,109901.43,2025-11-01 22:07:09.204259+00:00,109901.42,109901.43,1681.03641105
Coinbase,BTC-USD,109901.43,2025-11-01 22:07:09.318503+00:00,109901.42,109901.43,1681.03906375
Coinbase,BTC-USD,109901.42,2025-11-01 22:07:09.370426+00:00,109897.2,109901.43,1681.11184099
Coinbase,BTC-USD,109897.2,2025-11-01 22:07:09.415490+00:00,109897.2,109897.21,1681.11185153
Coinbase,BTC-USD,109897.2,2025-11-01 22:07:09.415490+00:00,109897.2,109897.21,1681.11185225
Coinbase,BTC-USD,109897.2,2025-11-01 22:07:09.415490+00:00,109894.2,109897.21,1681.18462949
Coinbase,BTC-USD,109894.2,2025-11-01 22:07:09.440370+00:00,109892.16,109894.21,1681.23148153
Coinbase,BTC-USD,109894.2,2025-11-01 22:07:09.441696+00:00,109894.2,109894.21,1681.27833357
Coinbase,BTC-USD,109894.2,2025-11-01 22:07:09.441958+00:00,109894.2,109894.21,1681.28791639
Binance,BTC-USD,110162.57,2025-11-01 22:07:09.530000+00:00,109858.42,110159.05,2.49846
Coinbase,BTC-USD,109892.17,2025-11-01 22:07:09.940233+00:00,109892.16,109892.17,1681.28809321
Coinbase,BTC-USD,109892.17,2025-11-01 22:07:10.049238+00:00,109892.16,109892.17,1681.28897741
Coinbase,BTC-USD,109892.17,2025-11-01 22:07:10.082785+00:00,109892.16,109892.17,1681.28919316
Coinbase,BTC-USD,109892.17,2025-11-01 22:07:10.175217+00:00,109892.16,109892.17,1681.29031921
Coinbase,BTC-USD,109892.17,2025-11-01 22:07:10.209872+00:00,109892.16,109892.17,1681.29063921
Coinbase,BTC-USD,109892.17,2025-11-01 22:07:10.556051+00:00,109892.16,109892.17,1681.29086028
Binance,BTC-USD,110162.57,2025-11-01 22:07:10.429000+00:00,109858.42,110158.97,2.49846
Bitstamp,BTC-USD,109895.0,2025-11-01 22:07:10+00:00,0.0,0.0,0.00858898
Bitstamp,BTC-USD,109895.0,2025-11-01 22:07:11+00:00,0.0,0.0,9.934e-05
Coinbase,BTC-USD,109892.17,2025-11-01 22:07:11.262837+00:00,109892.16,109892.17,1681.29099287
Binance,BTC-USD,110162.57,2025-11-01 22:07:11.530000+00:00,109858.42,110158.96,2.49846
Coinbase,BTC-USD,109892.16,2025-11-01 22:07:12.373803+00:00,109892.16,109892.17,1681.29100387
Coinbase,BTC-USD,109892.16,2025-11-01 22:07:12.373803+00:00,109889.82,109892.17,1681.29100568
Coinbase,BTC-USD,109889.82,2025-11-01 22:07:12.373803+00:00,109889.82,109892.17,1681.30799447
Binance,BTC-USD,110162.57,2025-11-01 22:07:12.572000+00:00,109858.42,110158.89,2.49846
Coinbase,BTC-USD,109889.82,2025-11-01 22:07:12.640320+00:00,109887.12,109889.83,1681.30799565
Coinbase,BTC-USD,109887.13,2025-11-01 22:07:12.838759+00:00,109887.12,109887.13,1681.30828904
Coinbase,BTC-USD,109887.12,2025-11-01 22:07:12.887533+00:00,109882.08,109887.13,1681.30830004
Coinbase,BTC-USD,109882.08,2025-11-01 22:07:12.887533+00:00,109881.06,109887.13,1681.30831104
Coinbase,BTC-USD,109881.06,2025-11-01 22:07:12.887533+00:00,109881.06,109887.13,1681.30859972
Coinbase,BTC-USD,109879.99,2025-11-01 22:07:13.253668+00:00,109879.99,109880.0,1681.34030225
Bitstamp,BTC-USD,109883.0,2025-11-01 22:07:13+00:00,0.0,0.0,8.91e-06
Binance,BTC-USD,110162.57,2025-11-01 22:07:13.532000+00:00,109858.42,110158.78,2.49846
Coinbase,BTC-USD,109879.22,2025-11-01 22:07:13.765857+00:00,109879.21,109879.22,1681.34256354
Coinbase,BTC-USD,109877.04,2025-11-01 22:07:14.339406+00:00,109877.04,109877.05,1681.34257454
Coinbase,BTC-USD,109877.04,2025-11-01 22:07:14.339406+00:00,109877.04,109877.05,1681.3439422
Coinbase,BTC-USD,109877.05,2025-11-01 22:07:14.582445+00:00,109877.04,109877.05,1681.34442595
Binance,BTC-USD,110162.57,2025-11-01 22:07:14.595000+00:00,109858.42,110158.75,2.49846
Coinbase,BTC-USD,109877.05,2025-11-01 22:07:14.904670+00:00,109877.04,109877.05,1681.3444691
Binance,BTC-USD,110162.57,2025-11-01 22:07:15.533000+00:00,109858.43,110158.72,2.49846
Bitstamp,BTC-USD,109882.0,2025-11-01 22:07:15+00:00,0.0,0.0,0.14258
Bitstamp,BTC-USD,109882.0,2025-11-01 22:07:15+00:00,0.0,0.0,0.13649454
Coinbase,BTC-USD,109877.04,2025-11-01 22:07:15.803008+00:00,109877.04,109877.05,1681.3957691
Coinbase,BTC-USD,109877.04,2025-11-01 22:07:15.803058+00:00,109877.04,109877.05,1681.41589257
Coinbase,BTC-USD,109877.04,2025-11-01 22:07:15.803058+00:00,109876.0,109877.05,1681.41591709
Coinbase,BTC-USD,109876.0,2025-11-01 22:07:15.803058+00:00,109876.0,109877.05,1681.4164691
Coinbase,BTC-USD,109876.0,2025-11-01 22:07:15.803218+00:00,109874.97,109877.05,1681.43661709
Coinbase,BTC-USD,109874.97,2025-11-01 22:07:15.803218+00:00,109874.97,109877.05,1681.4371691
Coinbase,BTC-USD,109874.97,2025-11-01 22:07:15.803329+00:00,109874.97,109877.04,1681.4830891
Bitstamp,BTC-USD,109882.0,2025-11-01 22:07:15+00:00,0.0,0.0,0.44999546
Bitstamp,BTC-USD,109882.0,2025-11-01 22:07:15+00:00,0.0,0.0,4.54e-06
Bitstamp,BTC-USD,109881.0,2025-11-01 22:07:15+00:00,0.0,0.0,0.04549546
Bitstamp,BTC-USD,109881.0,2025-11-01 22:07:15+00:00,0.0,0.0,8.31e-06
Bitstamp,BTC-USD,109880.0,2025-11-01 22:07:15+00:00,0.0,0.0,0.02729169
Bitstamp,BTC-USD,109880.0,2025-11-01 22:07:15+00:00,0.0,0.0,1.082e-05
Bitstamp,BTC-USD,109879.0,2025-11-01 22:07:15+00:00,0.0,0.0,0.12690918
Bitstamp,BTC-USD,109879.0,2025-11-01 22:07:15+00:00,0.0,0.0,1.681e-05
Bitstamp,BTC-USD,109881.0,2025-11-01 22:07:15+00:00,0.0,0.0,0.12716
Bitstamp,BTC-USD,109882.0,2025-11-01 22:07:16+00:00,0.0,0.0,0.02746
Bitstamp,BTC-USD,109882.0,2025-11-01 22:07:16+00:00,0.0,0.0,8.72e-06
Bitstamp,BTC-USD,109878.0,2025-11-01 22:07:16+00:00,0.0,0.0,0.00090138
Coinbase,BTC-USD,109872.0,2025-11-01 22:07:16.552715+00:00,109872.0,109872.01,1681.4831001
Coinbase,BTC-USD,109872.0,2025-11-01 22:07:16.552715+00:00,109872.0,109872.01,1681.48446775
Binance,BTC-USD,110162.57,2025-11-01 22:07:16.234000+00:00,109858.43,110158.72,2.49846
Coinbase,BTC-USD,109872.01,2025-11-01 22:07:16.632346+00:00,109872.0,109872.01,1681.48791991
Coinbase,BTC-USD,109872.0,2025-11-01 22:07:16.914419+00:00,109872.0,109872.01,1681.48814051
Bitstamp,BTC-USD,109874.0,2025-11-01 22:07:17+00:00,0.0,0.0,0.00022328
Coinbase,BTC-USD,109872.01,2025-11-01 22:07:17.392543+00:00,109872.0,109872.01,1681.48831732
Coinbase,BTC-USD,109872.01,2025-11-01 22:07:17.495502+00:00,109872.0,109872.01,1681.48852732
Binance,BTC-USD,110162.57,2025-11-01 22:07:17.535000+00:00,109858.43,110158.67,2.49846
Coinbase,BTC-USD,109872.01,2025-11-01 22:07:17.693542+00:00,109872.0,109872.01,1681.48895732
Coinbase,BTC-USD,109872.0,2025-11-01 22:07:17.830090+00:00,109872.0,109872.01,1681.49073696
Coinbase,BTC-USD,109872.01,2025-11-01 22:07:17.962474+00:00,109872.0,109872.01,1681.49103696
Coinbase,BTC-USD,109872.01,2025-11-01 22:07:18.016677+00:00,109872.0,109872.01,1681.49558752
Coinbase,BTC-USD,109872.01,2025-11-01 22:07:18.268551+00:00,109872.0,109872.01,1681.4964884
Binance,BTC-USD,110162.57,2025-11-01 22:07:18.537000+00:00,109858.43,110158.6,2.49846
Coinbase,BTC-USD,109876.07,2025-11-01 22:07:18.800855+00:00,109876.07,109876.83,1681.50108428
Coinbase,BTC-USD,109876.83,2025-11-01 22:07:18.903466+00:00,109876.07,109876.83,1681.5010851
Coinbase,BTC-USD,109876.09,2025-11-01 22:07:18.936672+00:00,109876.0,109876.83,1681.50178972
Coinbase,BTC-USD,109876.0,2025-11-01 22:07:18.936672+00:00,109876.0,109876.83,1681.50209795
Bitstamp,BTC-USD,109874.0,2025-11-01 22:07:19+00:00,0.0,0.0,0.00088
Binance,BTC-USD,110162.57,2025-11-01 22:07:19.336000+00:00,109858.43,110158.6,2.49846
Bitstamp,BTC-USD,109874.0,2025-11-01 22:07:19+00:00,0.0,0.0,0.00155
Coinbase,BTC-USD,109882.09,2025-11-01 22:07:20.155020+00:00,109882.08,109882.09,1681.50223604
Binance,BTC-USD,110162.57,2025-11-01 22:07:19.929000+00:00,109858.43,110158.59,2.49846
Coinbase,BTC-USD,109882.09,2025-11-01 22:07:20.639594+00:00,109882.08,109882.09,1681.50678619
Coinbase,BTC-USD,109882.37,2025-11-01 22:07:20.778289+00:00,109882.36,109887.12,1681.50769587
Coinbase,BTC-USD,109887.12,2025-11-01 22:07:20.785224+00:00,109887.11,109888.49,1681.50770687
Coinbase,BTC-USD,109888.49,2025-11-01 22:07:20.785224+00:00,109887.11,109888.49,1681.508732
Coinbase,BTC-USD,109888.49,2025-11-01 22:07:20.931975+00:00,109888.48,109892.16,1681.52948857
Coinbase,BTC-USD,109892.16,2025-11-01 22:07:20.931975+00:00,109888.48,109895.99,1681.52949957
Coinbase,BTC-USD,109895.99,2025-11-01 22:07:20.931975+00:00,109888.48,109897.2,1681.53040913
Coinbase,BTC-USD,109897.2,2025-11-01 22:07:20.931975+00:00,109888.48,109897.72,1681.53042013
Coinbase,BTC-USD,109897.72,2025-11-01 22:07:20.931975+00:00,109888.48,109897.72,1681.55415761
Coinbase,BTC-USD,109898.22,2025-11-01 22:07:21.588441+00:00,109898.22,109899.47,1681.56917934
Binance,BTC-USD,110162.57,2025-11-01 22:07:21.436000+00:00,109858.44,110158.51,2.49846
Bitstamp,BTC-USD,109885.0,2025-11-01 22:07:21+00:00,0.0,0.0,0.00130251
Coinbase,BTC-USD,109898.68,2025-11-01 22:07:22.338892+00:00,109898.68,109898.69,1681.5701319
Binance,BTC-USD,110162.57,2025-11-01 22:07:21.738000+00:00,109858.43,110158.49,2.49846
Coinbase,BTC-USD,109899.47,2025-11-01 22:07:23.232897+00:00,109899.46,109899.47,1681.54670636
Coinbase,BTC-USD,109899.47,2025-11-01 22:07:23.232897+00:00,109899.46,109899.47,1681.54679294
Coinbase,BTC-USD,109899.47,2025-11-01 22:07:23.301328+00:00,109899.46,109899.47,1681.54704766
Coinbase,BTC-USD,109899.47,2025-11-01 22:07:23.301328+00:00,109899.46,109899.47,1681.54738896
Coinbase,BTC-USD,109899.47,2025-11-01 22:07:23.301328+00:00,109899.46,109901.43,1681.54773026
Coinbase,BTC-USD,109901.43,2025-11-01 22:07:23.301328+00:00,109899.46,109902.24,1681.54773882
Coinbase,BTC-USD,109902.24,2025-11-01 22:07:23.301328+00:00,109899.46,109903.54,1681.54774982
Coinbase,BTC-USD,109903.54,2025-11-01 22:07:23.301328+00:00,109899.46,109903.54,1681.55297991
Coinbase,BTC-USD,109903.5,2025-11-01 22:07:23.321339+00:00,109903.07,109903.5,1681.55384316
Binance,BTC-USD,110162.57,2025-11-01 22:07:23.639000+00:00,109858.44,110158.46,2.49846
Coinbase,BTC-USD,109889.11,2025-11-01 22:07:24.112863+00:00,109889.11,109889.57,1681.55500325
Binance,BTC-USD,110162.57,2025-11-01 22:07:24.440000+00:00,109858.43,110158.4,2.49846
Binance,BTC-USD,110162.57,2025-11-01 22:07:25.242000+00:00,109858.43,110158.34,2.49846
Coinbase,BTC-USD,109886.78,2025-11-01 22:07:25.819363+00:00,109886.78,109886.79,1681.55713306
Coinbase,BTC-USD,109886.79,2025-11-01 22:07:26.242000+00:00,109886.78,109886.79,1681.55744843
Binance,BTC-USD,110162.57,2025-11-01 22:07:26.607000+00:00,109858.43,110158.28,2.49846
Coinbase,BTC-USD,109888.92,2025-11-01 22:07:26.647375+00:00,109888.91,109897.96,1681.55747411
Coinbase,BTC-USD,109897.96,2025-11-01 22:07:26.741158+00:00,109897.95,109904.51,1681.55838367
Coinbase,BTC-USD,109904.51,2025-11-01 22:07:26.741158+00:00,109897.95,109904.51,1681.55844411
Bitstamp,BTC-USD,109893.0,2025-11-01 22:07:26+00:00,0.0,0.0,3.567e-05
Coinbase,BTC-USD,109904.51,2025-11-01 22:07:26.774108+00:00,109904.0,109904.51,1681.55872496
Coinbase,BTC-USD,109904.51,2025-11-01 22:07:26.774108+00:00,109904.0,109904.51,1681.55906625
Coinbase,BTC-USD,109904.51,2025-11-01 22:07:26.774108+00:00,109904.0,109904.51,1681.55997581
Coinbase,BTC-USD,109904.51,2025-11-01 22:07:26.774108+00:00,109904.0,109904.97,1681.56633688
Coinbase,BTC-USD,109904.97,2025-11-01 22:07:26.774108+00:00,109904.0,109905.26,1681.56656441
Coinbase,BTC-USD,109905.26,2025-11-01 22:07:26.774108+00:00,109904.0,109905.26,1681.56690569
Coinbase,BTC-USD,109905.26,2025-11-01 22:07:26.774108+00:00,109904.0,109907.28,1681.56724697
Coinbase,BTC-USD,109907.28,2025-11-01 22:07:26.774108+00:00,109904.0,109907.99,1681.56725797
Coinbase,BTC-USD,109907.99,2025-11-01 22:07:26.774108+00:00,109904.0,109908.08,1681.60181096
Coinbase,BTC-USD,109908.08,2025-11-01 22:07:26.774108+00:00,109904.0,109908.08,1681.60265311
Coinbase,BTC-USD,109908.0,2025-11-01 22:07:27.170839+00:00,109908.0,109908.18,1681.60265357
Coinbase,BTC-USD,109908.18,2025-11-01 22:07:27.449239+00:00,109908.05,109910.0,1681.60265411
Coinbase,BTC-USD,109910.0,2025-11-01 22:07:27.449239+00:00,109908.05,109910.0,1681.6028262
Binance,BTC-USD,110162.57,2025-11-01 22:07:27.542000+00:00,109858.44,110158.31,2.49846
Coinbase,BTC-USD,109910.0,2025-11-01 22:07:28.185727+00:00,109909.99,109910.01,1681.60283359
Coinbase,BTC-USD,109910.01,2025-11-01 22:07:28.185727+00:00,109909.99,109910.5,1681.60306111
Coinbase,BTC-USD,109910.5,2025-11-01 22:07:28.187894+00:00,109909.99,109912.32,1681.60397055
Coinbase,BTC-USD,109912.32,2025-11-01 22:07:28.187894+00:00,109909.99,109917.36,1681.60398155
Coinbase,BTC-USD,109917.36,2025-11-01 22:07:28.187894+00:00,109909.99,109918.48,1681.60399255
Coinbase,BTC-USD,109918.48,2025-11-01 22:07:28.188189+00:00,109917.36,109918.48,1681.82470266
Coinbase,BTC-USD,109918.48,2025-11-01 22:07:28.188794+00:00,109917.36,109921.49,1681.8769221
Coinbase,BTC-USD,109922.39,2025-11-01 22:07:28.221525+00:00,109922.39,109922.4,1681.8773721
Bitstamp,BTC-USD,109897.0,2025-11-01 22:07:28+00:00,0.0,0.0,0.1
Bitstamp,BTC-USD,109897.0,2025-11-01 22:07:28+00:00,0.0,0.0,0.01
Coinbase,BTC-USD,109922.39,2025-11-01 22:07:28.535620+00:00,109922.39,109922.4,1681.8819221
Coinbase,BTC-USD,109922.39,2025-11-01 22:07:28.535620+00:00,109922.39,109922.4,1681.89903631
Binance,BTC-USD,110162.57,2025-11-01 22:07:28.445000+00:00,109858.44,110158.18,2.49846
Bitstamp,BTC-USD,109897.0,2025-11-01 22:07:28+00:00,0.0,0.0,0.01
Bitstamp,BTC-USD,109897.0,2025-11-01 22:07:28+00:00,0.0,0.0,0.02117188
Bitstamp,BTC-USD,109919.0,2025-11-01 22:07:29+00:00,0.0,0.0,0.00845
Bitstamp,BTC-USD,109919.0,2025-11-01 22:07:29+00:00,0.0,0.0,0.01
Binance,BTC-USD,110162.57,2025-11-01 22:07:28.842000+00:00,109858.44,110158.16,2.49846
Bitstamp,BTC-USD,109919.0,2025-11-01 22:07:29+00:00,0.0,0.0,0.01
Coinbase,BTC-USD,109922.39,2025-11-01 22:07:29.682341+00:00,109922.39,109922.4,1681.90558982
Bitstamp,BTC-USD,109919.0,2025-11-01 22:07:29+00:00,0.0,0.0,0.01
Coinbase,BTC-USD,109922.39,2025-11-01 22:07:29.960678+00:00,109922.39,109922.4,1681.90617058
Bitstamp,BTC-USD,109920.0,2025-11-01 22:07:30+00:00,0.0,0.0,0.00241
Coinbase,BTC-USD,109922.4,2025-11-01 22:07:30.646013+00:00,109922.39,109922.4,1681.90618158
Coinbase,BTC-USD,109922.4,2025-11-01 22:07:30.646013+00:00,109922.39,109923.42,1681.90709098
Coinbase,BTC-USD,109923.42,2025-11-01 22:07:30.646013+00:00,109922.39,109923.42,1681.9113489
Binance,BTC-USD,110158.16,2025-11-01 22:07:30.244000+00:00,109858.46,110158.1,2.49855
Coinbase,BTC-USD,109922.01,2025-11-01 22:07:30.716147+00:00,109922.01,109923.42,1681.92586349
Coinbase,BTC-USD,109922.01,2025-11-01 22:07:30.716465+00:00,109922.01,109923.42,1681.96658447
Coinbase,BTC-USD,109922.01,2025-11-01 22:07:30.716528+00:00,109918.29,109923.42,1681.9841116
Coinbase,BTC-USD,109918.29,2025-11-01 22:07:30.734685+00:00,109910.33,109918.3,1682.03017432
Bitstamp,BTC-USD,109919.0,2025-11-01 22:07:30+00:00,0.0,0.0,0.01
Coinbase,BTC-USD,109907.28,2025-11-01 22:07:30.886639+00:00,109906.03,109907.29,1682.03018532
Coinbase,BTC-USD,109906.03,2025-11-01 22:07:30.886639+00:00,109905.15,109907.29,1682.03018659
Coinbase,BTC-USD,109905.15,2025-11-01 22:07:30.886639+00:00,109904.01,109907.29,1682.07655762
Coinbase,BTC-USD,109904.01,2025-11-01 22:07:30.886639+00:00,109901.21,109907.29,1682.07671682
Coinbase,BTC-USD,109901.21,2025-11-01 22:07:30.920895+00:00,109897.99,109901.22,1682.07880149
Coinbase,BTC-USD,109897.99,2025-11-01 22:07:30.960732+00:00,109897.2,109898.0,1682.09740149
Bitstamp,BTC-USD,109914.0,2025-11-01 22:07:31+00:00,0.0,0.0,0.01
Binance,BTC-USD,110158.16,2025-11-01 22:07:31.587000+00:00,109858.46,110157.99,2.49855
Coinbase,BTC-USD,109897.2,2025-11-01 22:07:31.791787+00:00,109892.16,109897.21,1682.09741249
Coinbase,BTC-USD,109892.16,2025-11-01 22:07:31.791787+00:00,109887.63,109897.21,1682.09742349
Coinbase,BTC-USD,109887.63,2025-11-01 22:07:31.791787+00:00,109887.63,109897.21,1682.10081155
Coinbase,BTC-USD,109888.02,2025-11-01 22:07:31.841316+00:00,109888.01,109888.02,1682.10965477
Binance,BTC-USD,110158.16,2025-11-01 22:07:32.647000+00:00,109858.46,110157.91,2.49855
Binance,BTC-USD,110158.16,2025-11-01 22:07:33.646000+00:00,109858.46,110157.83,2.49855
Bitstamp,BTC-USD,109887.0,2025-11-01 22:07:33+00:00,0.0,0.0,0.00089335
Coinbase,BTC-USD,109888.02,2025-11-01 22:07:34.086803+00:00,109888.01,109896.87,1682.1096645
Bitstamp,BTC-USD,109887.0,2025-11-01 22:07:34+00:00,0.0,0.0,0.00359459
Binance,BTC-USD,110158.16,2025-11-01 22:07:34.347000+00:00,109858.47,110157.87,2.49855
Coinbase,BTC-USD,109902.24,2025-11-01 22:07:34.746504+00:00,109902.23,109902.24,1682.10967359
Coinbase,BTC-USD,109902.24,2025-11-01 22:07:34.794175+00:00,109902.23,109902.24,1682.10967368
Coinbase,BTC-USD,109902.24,2025-11-01 22:07:35.430453+00:00,109902.23,109902.77,1682.1096755
Coinbase,BTC-USD,109902.77,2025-11-01 22:07:35.430453+00:00,109902.23,109902.77,1682.10998207
Binance,BTC-USD,110158.16,2025-11-01 22:07:35.547000+00:00,109858.48,110157.85,2.49855
Bitstamp,BTC-USD,109891.0,2025-11-01 22:07:35+00:00,0.0,0.0,0.1
Coinbase,BTC-USD,109904.5,2025-11-01 22:07:36.539410+00:00,109904.49,109904.5,1682.1144034
Binance,BTC-USD,110158.16,2025-11-01 22:07:36.166000+00:00,109858.48,110157.82,2.49855
Coinbase,BTC-USD,109904.5,2025-11-01 22:07:37.465645+00:00,109904.49,109907.28,1682.1317606
Coinbase,BTC-USD,109904.5,2025-11-01 22:07:37.469437+00:00,109904.49,109907.28,1682.13176916
Binance,BTC-USD,110158.16,2025-11-01 22:07:37.664000+00:00,109858.48,110157.8,2.49855
Coinbase,BTC-USD,109907.28,2025-11-01 22:07:37.761583+00:00,109907.27,109911.46,1682.13178016
Coinbase,BTC-USD,109911.46,2025-11-01 22:07:37.761583+00:00,109907.27,109912.32,1682.13268962
Coinbase,BTC-USD,109912.32,2025-11-01 22:07:37.761583+00:00,109907.27,109916.67,1682.13270062
Coinbase,BTC-USD,109916.67,2025-11-01 22:07:37.761583+00:00,109907.27,109916.67,1682.13392629
Binance,BTC-USD,110158.16,2025-11-01 22:07:38.651000+00:00,109858.48,110157.78,2.49855
Binance,BTC-USD,110158.16,2025-11-01 22:07:38.950000+00:00,109858.5,110157.76,2.49855
Coinbase,BTC-USD,109917.36,2025-11-01 22:07:40.037893+00:00,109917.35,109921.78,1682.13393729
Coinbase,BTC-USD,109921.78,2025-11-01 22:07:40.037893+00:00,109917.35,109921.78,1682.13394039
Binance,BTC-USD,110158.16,2025-11-01 22:07:39.850000+00:00,109858.52,110157.76,2.49855
Bitstamp,BTC-USD,109911.0,2025-11-01 22:07:40+00:00,0.0,0.0,0.00048
Bitstamp,BTC-USD,109911.0,2025-11-01 22:07:40+00:00,0.0,0.0,0.00088
Coinbase,BTC-USD,109922.4,2025-11-01 22:07:41.695111+00:00,109922.39,109922.4,1682.13395139
Coinbase,BTC-USD,109922.4,2025-11-01 22:07:41.695111+00:00,109922.39,109922.4,1682.14279539
Coinbase,BTC-USD,109922.4,2025-11-01 22:07:41.695111+00:00,109922.39,109922.4,1682.14724033
Binance,BTC-USD,110158.16,2025-11-01 22:07:41.053000+00:00,109858.52,110157.76,2.49855
Coinbase,BTC-USD,109922.39,2025-11-01 22:07:42.159839+00:00,109922.39,109922.4,1682.14724278
Coinbase,BTC-USD,109922.39,2025-11-01 22:07:42.159839+00:00,109922.39,109922.4,1682.14727659
Coinbase,BTC-USD,109922.39,2025-11-01 22:07:42.159839+00:00,109922.39,109922.4,1682.14955183
Coinbase,BTC-USD,109922.39,2025-11-01 22:07:42.342188+00:00,109913.15,109922.4,1682.14955446
Coinbase,BTC-USD,109913.15,2025-11-01 22:07:42.366092+00:00,109907.28,109913.16,1682.15701046
Coinbase,BTC-USD,109907.28,2025-11-01 22:07:42.408293+00:00,109907.28,109907.29,1682.15702146
Coinbase,BTC-USD,109907.28,2025-11-01 22:07:42.408293+00:00,109904.91,109907.29,1682.25297746
Bitstamp,BTC-USD,109910.0,2025-11-01 22:07:42+00:00,0.0,0.0,0.00024323
Bitstamp,BTC-USD,109910.0,2025-11-01 22:07:42+00:00,0.0,0.0,0.00975677
Coinbase,BTC-USD,109902.24,2025-11-01 22:07:42.425540+00:00,109897.2,109902.48,1682.25298846
Binance,BTC-USD,110158.16,2025-11-01 22:07:42.599000+00:00,109858.52,110157.76,2.49855
Bitstamp,BTC-USD,109906.0,2025-11-01 22:07:42+00:00,0.0,0.0,0.01
Coinbase,BTC-USD,109907.29,2025-11-01 22:07:42.968556+00:00,109907.28,109912.55,1682.25389788
Coinbase,BTC-USD,109912.55,2025-11-01 22:07:43.077200+00:00,109912.54,109922.4,1682.25390644
Coinbase,BTC-USD,109922.4,2025-11-01 22:07:43.077200+00:00,109912.54,109922.93,1682.25391744
Coinbase,BTC-USD,109922.93,2025-11-01 22:07:43.077200+00:00,109912.54,109922.93,1682.25478213
Binance,BTC-USD,110158.16,2025-11-01 22:07:43.554000+00:00,109858.52,110157.7,2.49855
Binance,BTC-USD,110158.16,2025-11-01 22:07:44.455000+00:00,109858.54,110157.64,2.49855
Coinbase,BTC-USD,109914.33,2025-11-01 22:07:44.758237+00:00,109914.33,109914.34,1682.25641987
Coinbase,BTC-USD,109914.34,2025-11-01 22:07:45.204842+00:00,109914.33,109914.34,1682.2573293
Coinbase,BTC-USD,109914.34,2025-11-01 22:07:45.204842+00:00,109914.33,109914.34,1682.26083809
Binance,BTC-USD,110158.16,2025-11-01 22:07:45.555000+00:00,109858.54,110157.66,2.49855
Bitstamp,BTC-USD,109909.0,2025-11-01 22:07:45+00:00,0.0,0.0,0.00024
Bitstamp,BTC-USD,109908.0,2025-11-01 22:07:46+00:00,0.0,0.0,0.01
Bitstamp,BTC-USD,109908.0,2025-11-01 22:07:46+00:00,0.0,0.0,0.01
Binance,BTC-USD,110158.16,2025-11-01 22:07:46.656000+00:00,109858.54,110157.56,2.49855
Coinbase,BTC-USD,109912.03,2025-11-01 22:07:46.753073+00:00,109912.02,109912.03,1682.26353994
Bitstamp,BTC-USD,109908.0,2025-11-01 22:07:46+00:00,0.0,0.0,0.01
Bitstamp,BTC-USD,109908.0,2025-11-01 22:07:46+00:00,0.0,0.0,0.01
Bitstamp,BTC-USD,109908.0,2025-11-01 22:07:47+00:00,0.0,0.0,0.01
Bitstamp,BTC-USD,109908.0,2025-11-01 22:07:47+00:00,0.0,0.0,0.01
Bitstamp,BTC-USD,109908.0,2025-11-01 22:07:47+00:00,0.0,0.0,0.01
Bitstamp,BTC-USD,109908.0,2025-11-01 22:07:47+00:00,0.0,0.0,0.01
Coinbase,BTC-USD,109912.02,2025-11-01 22:07:47.455394+00:00,109912.02,109912.03,1682.26354112
Coinbase,BTC-USD,109912.02,2025-11-01 22:07:47.455394+00:00,109912.02,109912.03,1682.26510227
Coinbase,BTC-USD,109912.03,2025-11-01 22:07:47.506755+00:00,109912.02,109912.03,1682.26749987
Coinbase,BTC-USD,109912.03,2025-11-01 22:07:47.506755+00:00,109912.02,109916.65,1682.26750843
Coinbase,BTC-USD,109916.65,2025-11-01 22:07:47.522024+00:00,109916.64,109916.65,1682.26795874
Bitstamp,BTC-USD,109909.0,2025-11-01 22:07:47+00:00,0.0,0.0,0.01
Binance,BTC-USD,110158.16,2025-11-01 22:07:47.663000+00:00,109858.54,110157.51,2.49855
Coinbase,BTC-USD,109922.39,2025-11-01 22:07:47.786453+00:00,109922.39,109922.4,1682.27295874
Coinbase,BTC-USD,109922.4,2025-11-01 22:07:48.283269+00:00,109922.39,109922.93,1682.27296974
Coinbase,BTC-USD,109922.93,2025-11-01 22:07:48.283269+00:00,109922.39,109922.93,1682.28180082
Binance,BTC-USD,110158.16,2025-11-01 22:07:48.156000+00:00,109858.58,110157.49,2.49855
Coinbase,BTC-USD,109922.93,2025-11-01 22:07:48.905326+00:00,109922.92,109922.93,1682.28197762
Coinbase,BTC-USD,109922.92,2025-11-01 22:07:49.091151+00:00,109922.92,109922.93,1682.28284425
Coinbase,BTC-USD,109922.93,2025-11-01 22:07:49.240255+00:00,109922.92,109922.93,1682.28382546
Coinbase,BTC-USD,109922.93,2025-11-01 22:07:49.240255+00:00,109922.92,109923.23,1682.28412213
Coinbase,BTC-USD,109923.23,2025-11-01 22:07:49.240255+00:00,109922.92,109923.23,1682.28748593
Coinbase,BTC-USD,109924.03,2025-11-01 22:07:49.434528+00:00,109924.03,109924.04,1682.28762241
Binance,BTC-USD,110158.16,2025-11-01 22:07:49.759000+00:00,109858.58,110157.33,2.49855
Coinbase,BTC-USD,109924.03,2025-11-01 22:07:49.905152+00:00,109922.92,109924.04,1682.36038314
Coinbase,BTC-USD,109922.92,2025-11-01 22:07:49.932086+00:00,109922.92,109922.93,1682.3606737
Coinbase,BTC-USD,109927.05,2025-11-01 22:07:50.319945+00:00,109927.02,109927.05,1682.36157256
Bitstamp,BTC-USD,109909.0,2025-11-01 22:07:50+00:00,0.0,0.0,8.927e-05
Binance,BTC-USD,110158.16,2025-11-01 22:07:50.558000+00:00,109858.58,110157.26,2.49855
Coinbase,BTC-USD,109927.34,2025-11-01 22:07:51.685222+00:00,109927.34,109927.35,1682.36315806
Binance,BTC-USD,110158.16,2025-11-01 22:07:51.258000+00:00,109858.58,110157.24,2.49855
Coinbase,BTC-USD,109927.35,2025-11-01 22:07:52.038268+00:00,109927.34,109927.35,1682.36405872
Coinbase,BTC-USD,109927.35,2025-11-01 22:07:52.648979+00:00,109927.34,109927.35,1682.3640674
Coinbase,BTC-USD,109927.35,2025-11-01 22:07:52.648979+00:00,109927.34,109927.35,1682.36414132
Coinbase,BTC-USD,109927.35,2025-11-01 22:07:52.648979+00:00,109927.34,109927.35,1682.36847902
Bitstamp,BTC-USD,109909.0,2025-11-01 22:07:52+00:00,0.0,0.0,8.924e-05
Binance,BTC-USD,110158.16,2025-11-01 22:07:52.459000+00:00,109858.58,110157.22,2.49855
Coinbase,BTC-USD,109926.45,2025-11-01 22:07:53.126998+00:00,109926.43,109926.45,1682.36899681
Binance,BTC-USD,110158.16,2025-11-01 22:07:53.060000+00:00,109858.58,110157.2,2.49855
Coinbase,BTC-USD,109924.04,2025-11-01 22:07:54.334980+00:00,109924.04,109924.05,1682.36903121
Coinbase,BTC-USD,109924.05,2025-11-01 22:07:54.337603+00:00,109924.04,109924.05,1682.36946265
Coinbase,BTC-USD,109924.05,2025-11-01 22:07:54.823628+00:00,109924.04,109924.05,1682.3703467
Binance,BTC-USD,110158.16,2025-11-01 22:07:54.913000+00:00,109858.58,110157.19,2.49855
Coinbase,BTC-USD,109924.05,2025-11-01 22:07:54.946920+00:00,109924.04,109924.05,1682.37052349
Coinbase,BTC-USD,109924.05,2025-11-01 22:07:55.027219+00:00,109924.04,109924.05,1682.37053431
Coinbase,BTC-USD,109924.04,2025-11-01 22:07:55.047231+00:00,109924.04,109924.05,1682.38709202
Coinbase,BTC-USD,109924.04,2025-11-01 22:07:55.047231+00:00,109924.04,109924.05,1682.38891365
Bitstamp,BTC-USD,109909.0,2025-11-01 22:07:55+00:00,0.0,0.0,0.00023
Coinbase,BTC-USD,109924.05,2025-11-01 22:07:55.413597+00:00,109924.04,109924.05,1682.38976797
Binance,BTC-USD,110158.16,2025-11-01 22:07:55.462000+00:00,109858.6,110157.16,2.49855
Coinbase,BTC-USD,109924.05,2025-11-01 22:07:55.948414+00:00,109924.04,109924.05,1682.39067733
Coinbase,BTC-USD,109924.05,2025-11-01 22:07:55.948414+00:00,109924.04,109924.05,1682.39081685
Coinbase,BTC-USD,109924.05,2025-11-01 22:07:55.948414+00:00,109924.04,109924.07,1682.41810842
Coinbase,BTC-USD,109924.07,2025-11-01 22:07:55.948414+00:00,109924.04,109927.35,1682.43741265
Coinbase,BTC-USD,109927.35,2025-11-01 22:07:56.138720+00:00,109927.34,109927.44,1682.43742121
Coinbase,BTC-USD,109927.44,2025-11-01 22:07:56.138720+00:00,109927.34,109927.61,1682.43743221
Coinbase,BTC-USD,109927.61,2025-11-01 22:07:56.138720+00:00,109927.34,109927.61,1682.43777294
Coinbase,BTC-USD,109927.6,2025-11-01 22:07:56.533940+00:00,109927.6,109927.61,1682.43897529
Binance,BTC-USD,110158.16,2025-11-01 22:07:56.662000+00:00,109858.62,110157.14,2.49855
Coinbase,BTC-USD,109927.61,2025-11-01 22:07:56.996519+00:00,109927.6,109927.61,1682.43916514
Coinbase,BTC-USD,109927.6,2025-11-01 22:07:57.666907+00:00,109918.01,109927.61,1682.43918835
Coinbase,BTC-USD,109922.0,2025-11-01 22:07:57.672186+00:00,109918.01,109922.0,1682.43921843
Bitstamp,BTC-USD,109908.0,2025-11-01 22:07:57+00:00,0.0,0.0,0.01
Coinbase,BTC-USD,109916.65,2025-11-01 22:07:57.907846+00:00,109916.64,109916.65,1682.43927365
Binance,BTC-USD,110158.16,2025-11-01 22:07:57.663000+00:00,109858.62,110157.12,2.49855
Binance,BTC-USD,110158.16,2025-11-01 22:07:58.924000+00:00,109858.63,110157.09,2.49855
Coinbase,BTC-USD,109916.65,2025-11-01 22:07:59.232860+00:00,109916.64,109916.65,1682.43957399
Coinbase,BTC-USD,109916.65,2025-11-01 22:07:59.923595+00:00,109916.64,109916.65,1682.43975411
Binance,BTC-USD,110158.16,2025-11-01 22:07:59.866000+00:00,109858.64,110156.99,2.49855
Coinbase,BTC-USD,109916.64,2025-11-01 22:08:00.776605+00:00,109912.99,109916.65,1682.43975538
Coinbase,BTC-USD,109912.99,2025-11-01 22:08:00.776605+00:00,109912.99,109916.65,1682.44025946
Coinbase,BTC-USD,109912.33,2025-11-01 22:08:00.818102+00:00,109912.32,109916.0,1682.44525946
Coinbase,BTC-USD,109916.0,2025-11-01 22:08:00.818102+00:00,109912.32,109916.0,1682.44677397
Coinbase,BTC-USD,109912.32,2025-11-01 22:08:00.876000+00:00,109910.54,109912.33,1682.44678497
Coinbase,BTC-USD,109910.54,2025-11-01 22:08:00.876000+00:00,109910.54,109912.33,1682.44723256
Binance,BTC-USD,110158.16,2025-11-01 22:08:00.767000+00:00,109858.66,110156.93,2.49855
Binance,BTC-USD,110158.16,2025-11-01 22:08:01.867000+00:00,109858.66,110156.89,2.49855
Coinbase,BTC-USD,109907.29,2025-11-01 22:08:02.064167+00:00,109907.28,109907.29,1682.44739868
Binance,BTC-USD,110158.16,2025-11-01 22:08:02.906000+00:00,109858.66,110156.84,2.49855
Coinbase,BTC-USD,109915.94,2025-11-01 22:08:03.572390+00:00,109913.0,109915.94,1682.44826154
Coinbase,BTC-USD,109915.89,2025-11-01 22:08:03.612768+00:00,109912.01,109915.89,1682.44871188
Coinbase,BTC-USD,109912.01,2025-11-01 22:08:03.737469+00:00,109912.0,109912.01,1682.44917121
Coinbase,BTC-USD,109913.89,2025-11-01 22:08:03.916624+00:00,109910.01,109913.89,1682.45005532
Binance,BTC-USD,110158.16,2025-11-01 22:08:03.913000+00:00,109858.67,110156.82,2.49855
Coinbase,BTC-USD,109913.64,2025-11-01 22:08:04.437204+00:00,109910.05,109913.64,1682.4507184
Coinbase,BTC-USD,109907.29,2025-11-01 22:08:04.839727+00:00,109907.28,109907.29,1682.45161916
Coinbase,BTC-USD,109907.29,2025-11-01 22:08:04.862968+00:00,109907.28,109907.29,1682.45243757
Coinbase,BTC-USD,109907.29,2025-11-01 22:08:04.933663+00:00,109907.28,109907.29,1682.45252764
Binance,BTC-USD,110158.16,2025-11-01 22:08:04.879000+00:00,109858.68,110156.81,2.49855
Coinbase,BTC-USD,109907.29,2025-11-01 22:08:04.960611+00:00,109907.28,109908.54,1682.45252863
Coinbase,BTC-USD,109908.54,2025-11-01 22:08:04.960611+00:00,109907.28,109908.54,1682.45267862
Coinbase,BTC-USD,109907.29,2025-11-01 22:08:04.984285+00:00,109907.28,109908.0,1682.45358809
Coinbase,BTC-USD,109908.0,2025-11-01 22:08:04.984285+00:00,109907.28,109908.0,1682.45444684
Coinbase,BTC-USD,109907.29,2025-11-01 22:08:05.194321+00:00,109907.28,109907.29,1682.45453466
Bitstamp,BTC-USD,109909.0,2025-11-01 22:08:05+00:00,0.0,0.0,0.00180435
Coinbase,BTC-USD,109907.29,2025-11-01 22:08:05.432132+00:00,109907.28,109907.29,1682.4547148
Coinbase,BTC-USD,109907.29,2025-11-01 22:08:05.541742+00:00,109907.28,109907.29,1682.45535631
Coinbase,BTC-USD,109907.29,2025-11-01 22:08:05.541742+00:00,109907.28,109907.29,1682.45559891
Coinbase,BTC-USD,109907.29,2025-11-01 22:08:05.551182+00:00,109907.28,109907.29,1682.45568898
Coinbase,BTC-USD,109907.29,2025-11-01 22:08:05.633957+00:00,109907.28,109907.29,1682.45577317
Coinbase,BTC-USD,109907.29,2025-11-01 22:08:05.633957+00:00,109907.28,109907.29,1682.45635206
Coinbase,BTC-USD,109907.29,2025-11-01 22:08:05.883159+00:00,109907.28,109907.29,1682.45900462
Binance,BTC-USD,110158.16,2025-11-01 22:08:05.954000+00:00,109858.68,110156.78,2.49855
Coinbase,BTC-USD,109907.29,2025-11-01 22:08:06.074801+00:00,109907.28,109907.29,1682.45988878
Coinbase,BTC-USD,109907.29,2025-11-01 22:08:06.110151+00:00,109907.28,109907.29,1682.46077289
Coinbase,BTC-USD,109907.29,2025-11-01 22:08:06.375746+00:00,109907.28,109910.32,1682.46080518
Coinbase,BTC-USD,109910.32,2025-11-01 22:08:06.375746+00:00,109907.28,109910.32,1682.46081567
Coinbase,BTC-USD,109910.32,2025-11-01 22:08:06.392552+00:00,109910.31,109910.32,1682.46124705
Coinbase,BTC-USD,109922.39,2025-11-01 22:08:06.566766+00:00,109921.26,109922.39,1682.46146276
Bitstamp,BTC-USD,109909.0,2025-11-01 22:08:06+00:00,0.0,0.0,0.01
Coinbase,BTC-USD,109922.4,2025-11-01 22:08:06.915586+00:00,109922.39,109927.38,1682.46147376
Coinbase,BTC-USD,109927.38,2025-11-01 22:08:06.915586+00:00,109922.39,109927.38,1682.46190485
Binance,BTC-USD,110158.16,2025-11-01 22:08:06.913000+00:00,109858.68,110156.78,2.49855
Coinbase,BTC-USD,109927.44,2025-11-01 22:08:07.001061+00:00,109927.43,109927.61,1682.46191585
Coinbase,BTC-USD,109927.61,2025-11-01 22:08:07.001061+00:00,109927.43,109929.71,1682.46192441
Coinbase,BTC-USD,109929.71,2025-11-01 22:08:07.001061+00:00,109927.43,109929.71,1682.46226562
Coinbase,BTC-USD,109929.71,2025-11-01 22:08:07.001061+00:00,109927.43,109929.71,1682.4623469
Coinbase,BTC-USD,109929.71,2025-11-01 22:08:07.196144+00:00,109929.7,109929.71,1682.46260683
Coinbase,BTC-USD,109929.71,2025-11-01 22:08:07.196144+00:00,109929.7,109929.71,1682.46278895
Coinbase,BTC-USD,109929.71,2025-11-01 22:08:07.197616+00:00,109929.7,109929.71,1682.46294804
Coinbase,BTC-USD,109929.71,2025-11-01 22:08:07.197616+00:00,109929.7,109929.71,1682.46309842
Coinbase,BTC-USD,109929.71,2025-11-01 22:08:07.225532+00:00,109929.7,109929.71,1682.4632065
Coinbase,BTC-USD,109929.71,2025-11-01 22:08:07.293058+00:00,109929.7,109929.71,1682.46328925
Coinbase,BTC-USD,109929.71,2025-11-01 22:08:07.293058+00:00,109929.7,109929.71,1682.46409061
Coinbase,BTC-USD,109929.71,2025-11-01 22:08:07.310814+00:00,109929.7,109929.71,1682.4641769
Coinbase,BTC-USD,109929.71,2025-11-01 22:08:07.317796+00:00,109929.7,109929.71,1682.46506101
Coinbase,BTC-USD,109929.71,2025-11-01 22:08:07.437873+00:00,109929.7,109929.71,1682.46528618
Coinbase,BTC-USD,109929.71,2025-11-01 22:08:07.589157+00:00,109929.7,109929.71,1682.46573654
Coinbase,BTC-USD,109929.71,2025-11-01 22:08:07.628038+00:00,109926.52,109929.71,1682.46616797
Coinbase,BTC-USD,109926.54,2025-11-01 22:08:07.672554+00:00,109926.53,109926.54,1682.46625579
Coinbase,BTC-USD,109926.54,2025-11-01 22:08:07.773075+00:00,109926.53,109926.54,1682.46633235
Coinbase,BTC-USD,109926.54,2025-11-01 22:08:07.910284+00:00,109926.53,109929.71,1682.4670773
Coinbase,BTC-USD,109929.71,2025-11-01 22:08:07.910284+00:00,109926.53,109930.0,1682.46713631
Coinbase,BTC-USD,109930.0,2025-11-01 22:08:07.910284+00:00,109926.53,109930.0,1682.46721646
Coinbase,BTC-USD,109929.99,2025-11-01 22:08:07.922245+00:00,109926.55,109929.99,1682.46730275
Binance,BTC-USD,110158.16,2025-11-01 22:08:06.971000+00:00,109858.68,110156.77,2.49855
Coinbase,BTC-USD,109929.95,2025-11-01 22:08:08.247718+00:00,109926.2,109929.95,1682.46820343
Coinbase,BTC-USD,109929.95,2025-11-01 22:08:08.263206+00:00,109926.2,109929.95,1682.46865377
Coinbase,BTC-USD,109928.77,2025-11-01 22:08:08.740256+00:00,109926.15,109928.77,1682.46874385
Coinbase,BTC-USD,109928.13,2025-11-01 22:08:08.820514+00:00,109926.14,109928.13,1682.46878888
Coinbase,BTC-USD,109928.13,2025-11-01 22:08:08.820568+00:00,109926.14,109928.13,1682.4705904
Binance,BTC-USD,110158.16,2025-11-01 22:08:08.272000+00:00,109858.68,110156.73,2.49855
Coinbase,BTC-USD,109927.99,2025-11-01 22:08:09.125160+00:00,109927.98,109927.99,1682.47080613
Coinbase,BTC-USD,109927.99,2025-11-01 22:08:09.142491+00:00,109927.98,109927.99,1682.47213228
Coinbase,BTC-USD,109927.99,2025-11-01 22:08:09.204184+00:00,109927.98,109927.99,1682.47301639
Coinbase,BTC-USD,109927.99,2025-11-01 22:08:09.215926+00:00,109927.98,109927.99,1682.47752019
Coinbase,BTC-USD,109927.99,2025-11-01 22:08:09.340391+00:00,109927.98,109927.99,1682.48194112
Coinbase,BTC-USD,109927.99,2025-11-01 22:08:09.348120+00:00,109927.98,109927.99,1682.48198615
Coinbase,BTC-USD,109927.99,2025-11-01 22:08:09.363251+00:00,109927.98,109927.99,1682.48241761
Coinbase,BTC-USD,109927.99,2025-11-01 22:08:09.451918+00:00,109927.98,109927.99,1682.48263866
Coinbase,BTC-USD,109927.99,2025-11-01 22:08:09.498935+00:00,109927.98,109927.99,1682.48308074
Coinbase,BTC-USD,109927.99,2025-11-01 22:08:09.521212+00:00,109927.98,109927.99,1682.48321585
Coinbase,BTC-USD,109927.99,2025-11-01 22:08:09.771547+00:00,109927.98,109927.99,1682.48323386
Coinbase,BTC-USD,109927.99,2025-11-01 22:08:09.791717+00:00,109927.98,109927.99,1682.48325151
Coinbase,BTC-USD,109927.99,2025-11-01 22:08:09.879328+00:00,109927.98,109927.99,1682.48400602
Coinbase,BTC-USD,109927.99,2025-11-01 22:08:09.879328+00:00,109927.98,109927.99,1682.48491535
Coinbase,BTC-USD,109927.99,2025-11-01 22:08:09.879328+00:00,109927.98,109927.99,1682.48713445
Coinbase,BTC-USD,109927.99,2025-11-01 22:08:09.916574+00:00,109927.98,109927.99,1682.48731125
Coinbase,BTC-USD,109927.98,2025-11-01 22:08:10.028412+00:00,109927.98,109927.99,1682.48744624
Coinbase,BTC-USD,109923.51,2025-11-01 22:08:10.088348+00:00,109923.5,109923.51,1682.48771646
Bitstamp,BTC-USD,109914.0,2025-11-01 22:08:10+00:00,0.0,0.0,0.00013394
Bitstamp,BTC-USD,109914.0,2025-11-01 22:08:10+00:00,0.0,0.0,4.457e-05
Coinbase,BTC-USD,109923.51,2025-11-01 22:08:10.644728+00:00,109923.5,109926.0,1682.48835559
Coinbase,BTC-USD,109926.0,2025-11-01 22:08:10.644728+00:00,109923.5,109926.0,1682.48861721
Coinbase,BTC-USD,109923.62,2025-11-01 22:08:10.884706+00:00,109923.61,109923.62,1682.48888248
Binance,BTC-USD,110158.16,2025-11-01 22:08:10.913000+00:00,109858.68,110156.72,2.49855
Coinbase,BTC-USD,109923.61,2025-11-01 22:08:10.949613+00:00,109923.61,109923.62,1682.48914894
Coinbase,BTC-USD,109923.62,2025-11-01 22:08:11.275448+00:00,109923.61,109923.62,1682.48959103
Coinbase,BTC-USD,109923.62,2025-11-01 22:08:11.577452+00:00,109923.61,109924.49,1682.48979302
Coinbase,BTC-USD,109924.49,2025-11-01 22:08:11.577452+00:00,109923.61,109924.49,1682.49003312
Coinbase,BTC-USD,109924.49,2025-11-01 22:08:11.770698+00:00,109924.48,109924.49,1682.49403312
Binance,BTC-USD,110158.16,2025-11-01 22:08:11.073000+00:00,109858.68,110156.69,2.49855
Binance,BTC-USD,110158.16,2025-11-01 22:08:12.574000+00:00,109858.68,110156.67,2.49855
Coinbase,BTC-USD,109922.07,2025-11-01 22:08:13.621102+00:00,109922.06,109922.07,1682.49491339
Binance,BTC-USD,110158.16,2025-11-01 22:08:13.916000+00:00,109858.68,110156.64,2.49855
Coinbase,BTC-USD,109920.44,2025-11-01 22:08:14.034508+00:00,109920.44,109920.45,1682.49499499
Coinbase,BTC-USD,109920.45,2025-11-01 22:08:14.094347+00:00,109920.44,109920.45,1682.49543707
Binance,BTC-USD,110158.16,2025-11-01 22:08:14.076000+00:00,109858.68,110156.61,2.49855
Coinbase,BTC-USD,109920.44,2025-11-01 22:08:15.815032+00:00,109920.44,109920.45,1682.49727719
Binance,BTC-USD,110158.16,2025-11-01 22:08:16.555000+00:00,109858.68,110156.62,2.49855
Coinbase,BTC-USD,109920.45,2025-11-01 22:08:17.296788+00:00,109920.44,109920.45,1682.49728012
Binance,BTC-USD,110158.16,2025-11-01 22:08:17.164000+00:00,109858.68,110156.59,2.49855
Bitstamp,BTC-USD,109914.0,2025-11-01 22:08:17+00:00,0.0,0.0,0.00089313
Coinbase,BTC-USD,109918.07,2025-11-01 22:08:17.939302+00:00,109918.06,109918.07,1682.49772217
Coinbase,BTC-USD,109918.06,2025-11-01 22:08:18.188950+00:00,109917.28,109918.07,1682.49774868
Coinbase,BTC-USD,109917.28,2025-11-01 22:08:18.188950+00:00,109912.0,109918.07,1682.49925329
Binance,BTC-USD,110158.16,2025-11-01 22:08:18.524000+00:00,109858.69,110156.55,2.49855
Binance,BTC-USD,110158.16,2025-11-01 22:08:19.478000+00:00,109858.69,110156.48,2.49855
Coinbase,BTC-USD,109907.28,2025-11-01 22:08:20.486964+00:00,109907.28,109907.29,1682.49926429
Coinbase,BTC-USD,109907.28,2025-11-01 22:08:20.486964+00:00,109905.0,109907.29,1682.49926692
Coinbase,BTC-USD,109905.0,2025-11-01 22:08:20.486964+00:00,109902.37,109907.29,1682.53234712
Binance,BTC-USD,110158.16,2025-11-01 22:08:20.180000+00:00,109858.69,110156.42,2.49855
Bitstamp,BTC-USD,109904.0,2025-11-01 22:08:20+00:00,0.0,0.0,0.00024745
Bitstamp,BTC-USD,109896.0,2025-11-01 22:08:20+00:00,0.0,0.0,0.0006625
Bitstamp,BTC-USD,109895.0,2025-11-01 22:08:20+00:00,0.0,0.0,0.0002333
Coinbase,BTC-USD,109902.37,2025-11-01 22:08:20.810814+00:00,109902.24,109902.38,1682.53239206
Coinbase,BTC-USD,109902.24,2025-11-01 22:08:20.810814+00:00,109902.22,109902.38,1682.53240306
Coinbase,BTC-USD,109902.22,2025-11-01 22:08:20.810814+00:00,109897.2,109902.38,1682.53274418
Coinbase,BTC-USD,109897.2,2025-11-01 22:08:20.810814+00:00,109897.2,109902.38,1682.53275518
Coinbase,BTC-USD,109897.2,2025-11-01 22:08:20.810814+00:00,109897.2,109902.38,1682.53283411
Bitstamp,BTC-USD,109892.0,2025-11-01 22:08:20+00:00,0.0,0.0,0.00023328
Bitstamp,BTC-USD,109892.0,2025-11-01 22:08:21+00:00,0.0,0.0,0.07190996
Bitstamp,BTC-USD,109892.0,2025-11-01 22:08:21+00:00,0.0,0.0,0.06456099
Coinbase,BTC-USD,109903.23,2025-11-01 22:08:21.506674+00:00,109900.02,109903.23,1682.53733737
Binance,BTC-USD,110158.16,2025-11-01 22:08:21.345000+00:00,109858.7,110156.37,2.49855
Binance,BTC-USD,110158.16,2025-11-01 22:08:22.487000+00:00,109858.71,110156.37,2.49855
Bitstamp,BTC-USD,109899.0,2025-11-01 22:08:23+00:00,0.0,0.0,0.00171
Binance,BTC-USD,110156.37,2025-11-01 22:08:23.581000+00:00,109858.72,110156.31,2.49857
Coinbase,BTC-USD,109901.39,2025-11-01 22:08:23.807076+00:00,109901.38,109901.39,1682.53824688
Coinbase,BTC-USD,109901.39,2025-11-01 22:08:23.807076+00:00,109901.38,109901.39,1682.53832805
Binance,BTC-USD,110156.37,2025-11-01 22:08:24.583000+00:00,109858.74,110156.21,2.49857
Bitstamp,BTC-USD,109899.0,2025-11-01 22:08:25+00:00,0.0,0.0,0.0082
Binance,BTC-USD,110156.37,2025-11-01 22:08:25.588000+00:00,109858.74,110156.2,2.49857
Coinbase,BTC-USD,109900.02,2025-11-01 22:08:25.755401+00:00,109897.2,109900.03,1682.53833305
Coinbase,BTC-USD,109897.2,2025-11-01 22:08:25.755401+00:00,109896.0,109900.03,1682.53853506
Coinbase,BTC-USD,109896.0,2025-11-01 22:08:25.755401+00:00,109896.0,109900.03,1682.53865607
Bitstamp,BTC-USD,109895.0,2025-11-01 22:08:26+00:00,0.0,0.0,0.00023732
Binance,BTC-USD,110156.37,2025-11-01 22:08:26.383000+00:00,109858.73,110156.17,2.49857
Coinbase,BTC-USD,109893.27,2025-11-01 22:08:27.264678+00:00,109893.26,109893.27,1682.53910644
Bitstamp,BTC-USD,109895.0,2025-11-01 22:08:27+00:00,0.0,0.0,8.035e-05
Coinbase,BTC-USD,109894.66,2025-11-01 22:08:27.377711+00:00,109894.65,109894.66,1682.54155644
Bitstamp,BTC-USD,109895.0,2025-11-01 22:08:27+00:00,0.0,0.0,0.00059229
Coinbase,BTC-USD,109894.66,2025-11-01 22:08:27.421502+00:00,109894.65,109894.66,1682.54298644
Bitstamp,BTC-USD,109895.0,2025-11-01 22:08:27+00:00,0.0,0.0,0.00030996
Coinbase,BTC-USD,109893.27,2025-11-01 22:08:27.440274+00:00,109893.27,109895.69,1682.54304166
Coinbase,BTC-USD,109894.66,2025-11-01 22:08:27.508409+00:00,109893.27,109894.66,1682.54314526
Binance,BTC-USD,110156.37,2025-11-01 22:08:27.584000+00:00,109858.74,110156.13,2.49855
Coinbase,BTC-USD,109895.62,2025-11-01 22:08:28.132103+00:00,109895.62,109895.63,1682.54360589
Bitstamp,BTC-USD,109895.0,2025-11-01 22:08:28+00:00,0.0,0.0,0.0012
Coinbase,BTC-USD,109895.63,2025-11-01 22:08:28.487853+00:00,109895.62,109895.63,1682.54361039
Binance,BTC-USD,110156.37,2025-11-01 22:08:28.585000+00:00,109858.74,110156.17,2.49855
Coinbase,BTC-USD,109895.63,2025-11-01 22:08:29.311950+00:00,109895.62,109895.63,1682.54473072
Binance,BTC-USD,110156.37,2025-11-01 22:08:29.586000+00:00,109858.74,110156.03,2.49855
Coinbase,BTC-USD,109895.63,2025-11-01 22:08:30.605122+00:00,109895.62,109896.03,1682.5449014
Coinbase,BTC-USD,109896.03,2025-11-01 22:08:30.605122+00:00,109895.62,109903.76,1682.54492707
Coinbase,BTC-USD,109903.76,2025-11-01 22:08:30.605122+00:00,109895.62,109904.0,1682.54510903
Coinbase,BTC-USD,109904.0,2025-11-01 22:08:30.605122+00:00,109895.62,109904.0,1682.5453521
Binance,BTC-USD,110156.37,2025-11-01 22:08:30.387000+00:00,109858.74,110155.97,2.49855
Binance,BTC-USD,110156.37,2025-11-01 22:08:31.587000+00:00,109858.77,110155.91,2.49855
Coinbase,BTC-USD,109906.11,2025-11-01 22:08:32.255196+00:00,109906.11,109906.12,1682.54539419
Coinbase,BTC-USD,109906.12,2025-11-01 22:08:32.534268+00:00,109906.11,109906.12,1682.54589776
Binance,BTC-USD,110156.37,2025-11-01 22:08:32.188000+00:00,109858.77,110155.87,2.49855
Coinbase,BTC-USD,109905.88,2025-11-01 22:08:32.729080+00:00,109902.01,109907.1,1682.54882836
Coinbase,BTC-USD,109907.1,2025-11-01 22:08:32.729080+00:00,109902.01,109907.1,1682.58717231
Coinbase,BTC-USD,109907.1,2025-11-01 22:08:32.729295+00:00,109902.01,109907.1,1682.64373999
Coinbase,BTC-USD,109907.1,2025-11-01 22:08:32.729488+00:00,109902.01,109907.15,1682.82178616
Coinbase,BTC-USD,109907.15,2025-11-01 22:08:32.729488+00:00,109902.01,109907.28,1682.82181184
Coinbase,BTC-USD,109907.28,2025-11-01 22:08:32.729488+00:00,109902.01,109907.28,1682.82182284
Coinbase,BTC-USD,109907.28,2025-11-01 22:08:32.729488+00:00,109902.01,109908.88,1682.82273233
Coinbase,BTC-USD,109908.88,2025-11-01 22:08:32.729488+00:00,109902.01,109910.78,1682.83018333
Coinbase,BTC-USD,109910.78,2025-11-01 22:08:32.729595+00:00,109902.01,109910.78,1683.04034274
Coinbase,BTC-USD,109910.78,2025-11-01 22:08:32.729844+00:00,109902.01,109912.32,1683.103132
Coinbase,BTC-USD,109912.32,2025-11-01 22:08:32.730202+00:00,109902.01,109914.0,1683.103143
Coinbase,BTC-USD,109915.64,2025-11-01 22:08:32.731037+00:00,109902.01,109915.64,1683.25198826
Coinbase,BTC-USD,109915.64,2025-11-01 22:08:32.731578+00:00,109913.99,109915.64,1683.28534957
Coinbase,BTC-USD,109915.64,2025-11-01 22:08:32.733282+00:00,109913.99,109916.26,1683.3760796
Coinbase,BTC-USD,109916.26,2025-11-01 22:08:32.733282+00:00,109913.99,109916.51,1683.3778896
Coinbase,BTC-USD,109916.51,2025-11-01 22:08:32.733282+00:00,109913.99,109917.36,1683.39966575
Coinbase,BTC-USD,109917.36,2025-11-01 22:08:32.733282+00:00,109913.99,109918.04,1683.39967675
Coinbase,BTC-USD,109918.04,2025-11-01 22:08:32.733282+00:00,109913.99,109918.27,1683.40222093
Coinbase,BTC-USD,109918.27,2025-11-01 22:08:32.733282+00:00,109913.99,109918.46,1683.4067684
Coinbase,BTC-USD,109918.46,2025-11-01 22:08:32.733282+00:00,109913.99,109918.46,1683.4085784
Coinbase,BTC-USD,109918.46,2025-11-01 22:08:32.733282+00:00,109913.99,109920.0,1683.4103884
Coinbase,BTC-USD,109920.0,2025-11-01 22:08:32.733282+00:00,109913.99,109922.4,1684.4103884
Coinbase,BTC-USD,109922.4,2025-11-01 22:08:32.741946+00:00,109922.39,109927.44,1684.4103994
Coinbase,BTC-USD,109927.44,2025-11-01 22:08:32.743142+00:00,109922.39,109927.5,1684.4104104
Coinbase,BTC-USD,109927.5,2025-11-01 22:08:32.743142+00:00,109922.39,109927.5,1684.41075161
Coinbase,BTC-USD,109927.5,2025-11-01 22:08:32.743142+00:00,109922.39,109927.5,1684.41109282
Coinbase,BTC-USD,109927.5,2025-11-01 22:08:32.743142+00:00,109922.39,109928.86,1684.41143403
Coinbase,BTC-USD,109928.86,2025-11-01 22:08:32.743142+00:00,109922.39,109928.86,1684.41177524
Coinbase,BTC-USD,109928.86,2025-11-01 22:08:32.743142+00:00,109922.39,109932.48,1684.41211645
Coinbase,BTC-USD,109932.48,2025-11-01 22:08:32.752518+00:00,109924.07,109933.0,1684.41212745
Coinbase,BTC-USD,109933.0,2025-11-01 22:08:32.752518+00:00,109924.07,109934.76,1684.41235492
Coinbase,BTC-USD,109934.76,2025-11-01 22:08:32.752920+00:00,109924.07,109935.0,1684.41269611
Coinbase,BTC-USD,109935.0,2025-11-01 22:08:32.752920+00:00,109924.07,109935.21,1684.46269611
Coinbase,BTC-USD,109935.21,2025-11-01 22:08:32.752920+00:00,109924.07,109935.44,1684.46292358
Coinbase,BTC-USD,109935.44,2025-11-01 22:08:32.752920+00:00,109924.07,109937.52,1684.46801194
Bitstamp,BTC-USD,109901.0,2025-11-01 22:08:32+00:00,0.0,0.0,0.14031341
Coinbase,BTC-USD,109937.52,2025-11-01 22:08:32.794860+00:00,109937.51,109940.26,1684.46802294
Bitstamp,BTC-USD,109902.0,2025-11-01 22:08:32+00:00,0.0,0.0,0.00024941
Bitstamp,BTC-USD,109902.0,2025-11-01 22:08:32+00:00,0.0,0.0,0.14056282
Bitstamp,BTC-USD,109902.0,2025-11-01 22:08:32+00:00,0.0,0.0,0.03497444
Coinbase,BTC-USD,109940.26,2025-11-01 22:08:32.893928+00:00,109940.25,109940.26,1684.4682504
Coinbase,BTC-USD,109940.26,2025-11-01 22:08:32.893928+00:00,109940.25,109942.56,1684.46847786
Coinbase,BTC-USD,109942.56,2025-11-01 22:08:32.949999+00:00,109942.55,109947.6,1684.46848886
Coinbase,BTC-USD,109947.6,2025-11-01 22:08:32.997186+00:00,109947.59,109952.64,1684.46849986
Coinbase,BTC-USD,109952.64,2025-11-01 22:08:33.115103+00:00,109952.63,109957.68,1684.46851086
Binance,BTC-USD,110156.37,2025-11-01 22:08:33.331000+00:00,109858.81,110155.82,2.49855
Coinbase,BTC-USD,109957.68,2025-11-01 22:08:33.852355+00:00,109957.67,109957.68,1684.46852186
Coinbase,BTC-USD,109957.68,2025-11-01 22:08:33.852355+00:00,109957.67,109962.72,1684.46853042
Coinbase,BTC-USD,109962.71,2025-11-01 22:08:34.144962+00:00,109962.71,109962.72,1684.46861777
Coinbase,BTC-USD,109962.72,2025-11-01 22:08:34.308655+00:00,109962.71,109962.72,1684.46862877
Coinbase,BTC-USD,109962.72,2025-11-01 22:08:34.308655+00:00,109962.71,109962.78,1684.46863139
Coinbase,BTC-USD,109962.78,2025-11-01 22:08:34.308655+00:00,109962.71,109962.78,1684.46877007
Coinbase,BTC-USD,109962.78,2025-11-01 22:08:34.308673+00:00,109962.71,109964.46,1684.46954045
Coinbase,BTC-USD,109964.46,2025-11-01 22:08:34.997277+00:00,109964.45,109972.8,1684.46954275
Binance,BTC-USD,110156.37,2025-11-01 22:08:35.035000+00:00,109858.82,110155.82,2.49855
Coinbase,BTC-USD,109972.8,2025-11-01 22:08:35.070167+00:00,109972.79,109972.8,1684.46955375
Coinbase,BTC-USD,109972.8,2025-11-01 22:08:35.070167+00:00,109972.79,109975.91,1684.47464454
Binance,BTC-USD,110156.37,2025-11-01 22:08:35.991000+00:00,109858.87,110155.79,2.49855
Bitstamp,BTC-USD,109965.0,2025-11-01 22:08:36+00:00,0.0,0.0,0.05456282
Coinbase,BTC-USD,109982.88,2025-11-01 22:08:36.826323+00:00,109982.87,109982.88,1684.47465554
Coinbase,BTC-USD,109982.88,2025-11-01 22:08:36.826323+00:00,109982.87,109982.88,1684.47466254
Binance,BTC-USD,110156.37,2025-11-01 22:08:37.010000+00:00,109858.93,110155.78,2.49855
Bitstamp,BTC-USD,109970.0,2025-11-01 22:08:37+00:00,0.0,0.0,0.05456033
Coinbase,BTC-USD,109991.55,2025-11-01 22:08:37.737783+00:00,109991.55,109991.56,1684.53111529
Coinbase,BTC-USD,109991.55,2025-11-01 22:08:37.741398+00:00,109991.55,109991.56,1684.54738338
Coinbase,BTC-USD,109991.55,2025-11-01 22:08:37.741398+00:00,109991.54,109991.56,1684.54991178
Coinbase,BTC-USD,109991.54,2025-11-01 22:08:37.741398+00:00,109991.54,109991.56,1684.55449824
Coinbase,BTC-USD,109991.54,2025-11-01 22:08:37.741776+00:00,109991.54,109991.55,1684.58764338
Coinbase,BTC-USD,109991.54,2025-11-01 22:08:37.742076+00:00,109991.52,109991.55,1684.59991178
Coinbase,BTC-USD,109991.52,2025-11-01 22:08:37.747176+00:00,109991.52,109991.53,1684.61676664
Binance,BTC-USD,110156.37,2025-11-01 22:08:37.993000+00:00,109859.01,110155.75,2.49855
Binance,BTC-USD,110156.37,2025-11-01 22:08:38.993000+00:00,109859.09,110155.73,2.49855
Coinbase,BTC-USD,109986.0,2025-11-01 22:08:39.410071+00:00,109985.99,109986.0,1684.61732512
Coinbase,BTC-USD,109985.99,2025-11-01 22:08:39.565635+00:00,109985.98,109985.99,1684.61823598
Coinbase,BTC-USD,109985.98,2025-11-01 22:08:39.870055+00:00,109985.98,109985.99,1684.63271326
Coinbase,BTC-USD,109985.98,2025-11-01 22:08:39.870129+00:00,109985.98,109985.99,1684.65138298
Coinbase,BTC-USD,109985.98,2025-11-01 22:08:39.870129+00:00,109985.98,109985.99,1684.66823598
Coinbase,BTC-USD,109985.98,2025-11-01 22:08:39.870129+00:00,109985.96,109985.99,1684.7409598
Coinbase,BTC-USD,109985.96,2025-11-01 22:08:39.870129+00:00,109985.96,109985.99,1684.77319054
Coinbase,BTC-USD,109985.96,2025-11-01 22:08:39.875339+00:00,109983.36,109985.97,1684.7909598
Binance,BTC-USD,110156.37,2025-11-01 22:08:39.693000+00:00,109859.09,110155.73,2.49855
Coinbase,BTC-USD,109983.36,2025-11-01 22:08:40.593497+00:00,109983.36,109983.37,1684.79096234
Coinbase,BTC-USD,109983.36,2025-11-01 22:08:40.593497+00:00,109983.36,109983.37,1684.86368616
Coinbase,BTC-USD,109983.36,2025-11-01 22:08:40.593497+00:00,109983.36,109983.37,1684.8637153
Coinbase,BTC-USD,109983.36,2025-11-01 22:08:40.593497+00:00,109983.34,109983.37,1684.9137153
Coinbase,BTC-USD,109983.34,2025-11-01 22:08:40.593497+00:00,109982.87,109983.37,1684.9637153
Coinbase,BTC-USD,109982.87,2025-11-01 22:08:40.593497+00:00,109975.32,109983.37,1684.96389714
Coinbase,BTC-USD,109972.81,2025-11-01 22:08:40.738382+00:00,109972.81,109972.82,1684.99998563
Coinbase,BTC-USD,109972.81,2025-11-01 22:08:40.738720+00:00,109972.81,109972.82,1685.01148026
Coinbase,BTC-USD,109972.81,2025-11-01 22:08:40.738868+00:00,109972.8,109972.82,1685.03662096
Coinbase,BTC-USD,109972.8,2025-11-01 22:08:40.738868+00:00,109967.81,109972.82,1685.03663196
Binance,BTC-USD,110156.37,2025-11-01 22:08:40.995000+00:00,109859.09,110155.75,2.49855
Binance,BTC-USD,110156.37,2025-11-01 22:08:41.995000+00:00,109859.13,110155.7,2.49855
Coinbase,BTC-USD,109968.0,2025-11-01 22:08:42.101343+00:00,109967.99,109968.0,1685.03691373
Coinbase,BTC-USD,109968.0,2025-11-01 22:08:42.204431+00:00,109967.99,109971.78,1685.04076344
Coinbase,BTC-USD,109982.88,2025-11-01 22:08:42.318248+00:00,109982.87,109982.88,1685.04077444
Coinbase,BTC-USD,109982.88,2025-11-01 22:08:42.318248+00:00,109982.87,109983.99,1685.04168332
Coinbase,BTC-USD,109983.99,2025-11-01 22:08:42.318248+00:00,109982.87,109983.99,1685.04262704
Bitstamp,BTC-USD,109975.0,2025-11-01 22:08:42+00:00,0.0,0.0,0.00013387
Bitstamp,BTC-USD,109975.0,2025-11-01 22:08:42+00:00,0.0,0.0,0.00046
Binance,BTC-USD,110156.37,2025-11-01 22:08:42.994000+00:00,109859.17,110155.69,2.49855
Coinbase,BTC-USD,109987.92,2025-11-01 22:08:43.590981+00:00,109987.91,109988.68,1685.04263804
